4912 6214
693 671 759 739 104
1178 670 1372 737 saulus
1406 667 1737 736 Lucrlonuu.

691 899 724 959 F.
744 897 791 958 W.
813 897 991 960 KBluGuR
1023 877 1205 954 Theoriam
1238 876 1451 977 Disciplinaa
1472 861 1685 976 chirurgicos
1707 883 1876 975 exponet,
1902 875 2027 952 diebus

738 999 878 1088 Lunae,
904 999 1069 1074 Mercurii
1093 1007 1129 1073 et
1153 997 1297 1072 Veneris
1307 1049 2018 1087 ....................
2029 997 2225 1076 boraV'III.

788 1118 1103 1196 Exercitationibus
1142 1117 1315 1192 clinicis
1305 1141 1342 1191 rn
1386 1117 1595 1191 Nosocomio
1627 1117 1825 1192 academico
1858 1117 2027 1194 habendis

837 1239 989 1328 vacabit,
1015 1237 1139 1312 diebus
1164 1237 1305 1325 Lunae,
1332 1237 1514 1325 Mercurii,
1540 1236 1631 1312 Iovis
1655 1247 1691 1312 et
1716 1237 1858 1312 Saturni
1863 1295 2021 1326 .....
2136 1237 2225 1316 XII.

787 1359 938 1456 Collegio
962 1357 1111 1446 casuali,
1137 1357 1262 1432 diebus
1287 1357 1411 1431 Martis
1436 1366 1472 1430 et
1496 1355 1641 1432 Veneris
1652 1413 2023 1444 ...........
2062 1357 2224 1435 XII-IL

789 1479 1017 1578 Operationcs
1041 1477 1251 1576 chirurgicos
1276 1477 1548 1563 demonstrabit,
1571 1477 1663 1550 horis
1680 1477 1806 1552 deinde
1821 1477 2026 1554 indicandis.

786 1599 989 1674 Doctrinam
1021 1599 1065 1672 de
1097 1597 1227 1672 morbis
1258 1596 1436 1672 oculorum
1467 1609 1635 1696 exponet,
1673 1597 1797 1673 diebus
1835 1599 1960 1674 Martis
1991 1605 2026 1672 et

834 1719 980 1794 Veneris
990 1769 2021 1808 .............................
2197 1720 2222 1794 l.

786 1839 1000 1915 Medicinam
1025 1837 1217 1926 forensem,
1242 1837 1366 1912 dicbus
1390 1837 1511 1911 Lunae
1536 1843 1571 1912 et
1595 1836 1682 1910 lovis
1692 1895 2018 1926 ..........
2196 1838 2222 1913 Ι.

690 1983 727 2044 a
747 1981 782 2040 n.
804 1977 932 2041 SIMON
952 1978 1118 2038 TfloMss
1149 1957 1330 2032 Thcoriam
1361 1958 1444 2032 artis
1466 1957 1684 2032 obstetricias
1708 1963 1875 2056 exponet,
1901 1956 2026 2032 dicbus

738 2080 885 2168 Martis,
911 2079 1004 2153 lovis
1028 2089 1064 2152 et
1090 2079 1248 2167 Saturni,
1286 2129 2024 2154 .....................
2134 2074 2220 2152 Vffl.

785 2199 1100 2274 Exercitationibus
1137 2198 1268 2273 clinicis
1302 2198 1338 2271 in
1372 2195 1580 2272 Nosocomio
1611 2195 1806 2270 academico
1837 2194 2026 2286 habendis,

833 2319 968 2394 vacabit
992 2319 1168 2418 quotidie,
1202 2367 1800 2394 .................
1815 2359 1837 2402 .
1868 2371 2024 2392 .....
2160 2315 2220 2392 IX.

784 2439 986 2514 Doctrinam
1013 2439 1263 2538 Operationum
1287 2438 1419 2526 tradet,
1445 2445 1480 2511 et
1503 2435 1774 2534 operationibus
1795 2435 2024 2525 obstetriciis,

833 2566 910 2632 tum
944 2560 979 2632 in
1002 2559 1093 2658 pelvi
1117 2559 1266 2647 factitia,
1293 2567 1371 2632 tum
1393 2557 1430 2632 in
1452 2557 1616 2632 cadavere
1638 2555 1883 2645 instituendis,
1908 2581 2024 2656 praee·

831 2679 896 2767 rit,
923 2679 979 2753 die
1005 2680 1189 2768 Mercurii,
1242 2709 1270 2754 .·
1278 2733 2020 2755 .....................
2192 2678 2218 2753 1.

783 2799 1058 2899 Gynaecologiae
1081 2809 1117 2875 at
1139 2797 1520 2899 Gynaecopatbologiae
1545 2796 1660 2896 capita
1683 2795 1808 2871 selecta
1821 2794 1955 2886 tradet,
1969 2794 2025 2870 die

830 2920 955 2994 Lunae
965 2972 2021 3006 .............................
2179 2917 2219 2992 11.

784 3039 913 3114 Praxin
946 3037 1199 3126 obstetricum,
1233 3045 1311 3112 tum
1340 3037 1377 3111 in
1407 3037 1616 3110 Nosocomio
1648 3035 1860 3124 academico,
1886 3042 1962 3108 tum
1988 3034 2025 3108 in

832 3154 1043 3253 Polyclinico
1068 3154 1286 3243 obstetricio,
1311 3155 1447 3253 quoties
1466 3179 1605 3230 necesse
1626 3155 1710 3244 erit,
1736 3153 1980 3230 moderabitur.

688 3293 730 3356 Η.
749 3292 1034 3364 ΗΑΒΒΕΒΤΒΜΑ,
1063 3293 1162 3354 lusu.
1194 3273 1259 3349 Fil.
1292 3275 1517 3350 Anatomium
1552 3275 1733 3376 specialem
1768 3285 1804 3350 et
1838 3275 2024 3374 practicam

737 3393 890 3482 docebit,
917 3392 1041 3468 diebus
1066 3393 1190 3468 Martis
1215 3402 1251 3467 et
1275 3395 1382 3484 iovis,
1417 3449 2016 3471 .................
2041 3391 2094 3468 lx
2119 3397 2155 3468 et
2175 3391 2216 3468 X.

785 3514 1062 3615 Physiologiam,
1100 3514 1345 3614 experimentis
1378 3522 1414 3589 ct
1446 3515 1744 3591 observationibus
1771 3514 2022 3614 microsoopicis

831 3636 1059 3724 illustratam,
1086 3635 1210 3710 diebus
1235 3637 1356 3711 Lunae
1381 3645 1417 3710 et
1441 3637 1608 3711 Mercurii
1620 3693 2020 3725 ............
2047 3633 2099 3708 lx
2124 3639 2160 3708 et
2174 3633 2215 3706 X.

786 3755 996 3829 Methodum
1023 3755 1162 3828 secandi
1187 3757 1372 3846 cadevera,
1399 3757 1575 3856 quotidie,
1601 3756 1746 3831 hiberno
1770 3765 1945 3856 tempore,
1977 3815 1985 3832 .
2014 3813 2023 3832 .
2060 3753 2215 3828 xr-lu.

786 3873 877 3946 Cum
914 3873 1091 3971 discipulis
1122 3875 1165 3947 dc
1195 3876 1382 3950 Anatomia
1406 3883 1442 3949 et
1465 3876 1684 3976 Physiologia
1707 3876 1940 3976 colloquetur,
1966 3873 2023 3948 die

835 3991 981 4068 Veneris
993 4051 2022 4081 .............................
2047 3991 2099 4069 lx
2121 4000 2157 4068 et
2170 3991 2213 4070 X.

1327 4221 1563 4233 ι--ι--ι-

688 4385 721 4448 r.
742 4385 779 4447 o.
798 4387 883 4447 vsu
902 4386 983 4448 nun
1004 4386 1127 4460 curra,
1173 4367 1276 4442 titulo
1317 4367 1523 4445 Professoris
1554 4369 1826 4446 Exmordinarii
1856 4376 2019 4461 ornatos,

737 4487 1027 4562 Numismaticam
1055 4487 1282 4564 universalem
1306 4489 1464 4581 docebit,
1490 4491 1614 4567 dicbus
1635 4500 1671 4567 et
1691 4491 1806 4580 horis,
1830 4489 1893 4588 qui
1906 4489 2018 4576 Audi·

737 4604 871 4678 toribus
895 4607 1109 4683 convenient.

679 4745 715 4808 1.
734 4749 771 4808 A.
791 4745 1028 4817 Boooasltl),
1065 4727 1161 4802 Med.
1189 4727 1312 4819 Doct,
1337 4729 1517 4806 Prosectcr
1535 4731 1691 4831 primus,
1716 4730 1940 4808 Anatomium
1958 4755 2019 4830 pa·
2113 4765 2114 4768 ¹

736 4847 945 4950 thologicam
971 4847 1130 4937 docebit,
1156 4847 1213 4924 die
1237 4850 1348 4939 lovis,
1387 4910 2015 4931 ..................
2076 4849 2213 4926 11-1V.
