4900 6196
909 1015 1785 1136 ORDOLllOTIONUll

1246 1261 1455 1308 rasennam

693 1435 755 1514 ru
796 1399 1114 1514 inuusr'ar
1159 1435 1584 1516 nlvnuraran
1622 1429 2003 1533 lrunuano,

714 1661 744 1714 Δ.
753 1659 784 1714 D.
797 1659 883 1712 xum
896 1658 983 1714 SEP'l'.
996 1659 1027 1712 Δ.
1045 1657 1240 1712 cmmcccnx
1256 1659 1366 1729 USQUE
1378 1661 1423 1714 AD
1440 1661 1555 1714 rubras
1567 1660 1720 1714 smmis
1729 1661 1759 1714 Δ.
1770 1657 1990 1722 ΟῙΟῘΟὒΟΟῙιΣῙι

814 1845 990 1920 Rscroau
1015 1845 1142 1923 Mauu.
1169 1846 1213 1922 V.
1240 1847 1276 1922 S.
1302 1847 1354 1924 M.
1380 1847 1482 1922 VAN
1510 1845 1606 1920 DER
1629 1843 1890 1920 WILLIGEN.

593 2343 627 2394 v.
652 2341 685 2392 s:
704 2341 744 2394 u.
766 2341 839 2392 vau
863 2341 937 2394 nun
959 2341 1165 2408 wamiam,
1189 2317 1304 2394 Matr.
1329 2319 1428 2418 Moy.
1458 2317 1553 2393 Plu.
1581 2319 1667 2396 Not.
1689 2321 1814 2411 Boot,
1840 2319 1922 2393 Mo·

641 2437 771 2512 thereos
794 2444 830 2512 et
847 2437 1012 2538 Plyara
1027 2437 1230 2530 Professor,
1255 2437 1290 2512 h.
1309 2443 1333 2512 t.
1349 2437 1477 2512 Beotor
1492 2439 1719 2538 Maynificrra,
1740 2437 1922 2512 Elementa

642 2555 860 2632 Geometriae
892 2555 1030 2632 docebit
1064 2555 1188 2631 diebus
1218 2555 1363 2645 Martis,
1398 2555 1564 2630 Mercurii
1589 2565 1625 2631 et
1652 2557 1814 2648 Veneris,
1841 2555 1925 2631 hora

642 2676 817 2751 matutina
843 2733 1915 2758 ..............................

691 2795 956 2871 Aritbmetioam
982 2796 1231 2886 universalem,
1257 2795 1382 2872 diebus
1406 2797 1593 2888 Mercurii,
1617 2797 1702 2872 hora
1729 2852 1920 2874 ......

787 2915 901 3006 Iovia,
926 2916 1010 2992 bora
1035 2968 1919 2994 .........................

789 3033 957 3126 Veneris,
982 3035 1066 3112 bora
1107 3091 1922 3114 .......................

602 3241 605 3247 ,
691 3153 875 3254 Physicam
909 3155 1213 3255 experimentalem
1246 3155 1370 3232 diebus
1392 3157 1537 3249 Martis,
1563 3155 1748 3262 Mercurii,
1772 3153 1866 3230 Iovis
1889 3159 1925 3228 et

742 3273 906 3364 Veneris,
933 3274 1016 3350 bora
1039 3283 1119 3374 post
1143 3276 1324 3351 meridiem
1362 3329 1921 3353 ................

695 3393 878 3469 Calculum
906 3391 1168 3470 differentialem
1199 3393 1325 3470 diebus
1356 3397 1482 3471 Martis
1501 3405 1537 3471 et
1558 3396 1671 3484 Iovis,
1697 3393 1780 3469 bora
1806 3450 1814 3468 .
1842 3449 1851 3468 .
1878 3449 1887 3466 .
1916 3450 1925 3468 .

694 3512 955 3604 Machameum,
981 3539 1086 3614 quam
1113 3515 1321 3614 applicatam
1345 3525 1485 3605 vocent,
1511 3516 1567 3591 die
1587 3513 1751 3604 Veneris,
1769 3511 1853 3587 hora
1879 3569 1888 3588 .
1916 3570 1924 3588 .

693 3631 857 3708 Publicae
892 3633 1036 3710 babebit
1068 3635 1231 3712 lectiones
1261 3634 1306 3710 de
1338 3635 1490 3736 quodam
1512 3641 1759 3736 argumentoe
1786 3630 1928 3732 physion
2047 3725 2059 3742 ·

745 3753 1006 3850 experimentali
1031 3754 1203 3830 desumto.

599 3895 624 3946 1.
651 3893 843 3959 vnaauno,
879 3873 991 3948 Theol.
1019 3875 1142 3962 noct..
1166 3874 1405 3950 hitterotaraa
1435 3875 1641 3964 Orientale,
1668 3871 1867 3972 Heohyioe
1893 3875 1929 3943 et

649 3989 838 4064 Doctrinae
868 3991 1019 4066 Moralir
1051 3993 1236 4088 Professor
1271 3993 1487 4084 honorarior,
1522 3993 1553 4068 si
1578 3993 1641 4092 qui
1662 3991 1732 4066 sint
1755 3989 1928 4065 Athenaei

651 4107 765 4196 cives,
801 4109 863 4207 qui
896 4109 942 4183 ad
974 4109 1091 4186 studia
1123 4135 1187 4186 sua
1219 4111 1400 4211 dirigenda
1433 4111 1543 4212 ipsius
1564 4137 1666 4212 opem
1690 4109 1727 4184 in
1752 4109 1815 4199 iis,
1841 4131 1928 4208 quas

652 4227 828 4326 professus
852 4235 925 4317 est,
950 4229 1078 4318 literis,
1103 4229 1218 4305 adbuc
1241 4229 1457 4320 desiderent,
1481 4231 1620 4308 illorum
1643 4229 1813 4306 desiderio
1828 4227 1927 4303 satis·

652 4345 781 4437 iacere,
808 4355 978 4447 quantum
1003 4348 1151 4448 poterit,
1177 4348 1273 4424 haud
1296 4349 1479 4426 recusabit.

606 4489 638 4541 a.
664 4490 847 4557 noscens,
871 4469 970 4542 Phil.
995 4471 1114 4544 Τήιον.
1137 4469 1235 4568 May.
1258 4469 1345 4544 litt.
1369 4469 1475 4546 Hom.
1498 4478 1533 4544 et
1547 4469 1624 4544 Iar.
1645 4465 1928 4567 Utriroq.Doet.,

655 4583 758 4682 Pras.
792 4588 1009 4676 termarius,
1042 4587 1233 4663 Historiam
1259 4588 1483 4664 recentiorem
1505 4588 1630 4664 lubens
1653 4581 1930 4663 desiderantibus

656 4701 859 4800 explicabit,
891 4711 953 4778 aut
984 4703 1136 4803 aliquam
1164 4711 1318 4781 veterum
1345 4706 1537 4782 litterarum
1569 4713 1703 4808 partem
1730 4703 1823 4780 horis
1849 4725 1931 4780 cum

649 4820 873 4896 auditoribus
897 4821 1149 4900 conveniendis.
1718 4821 1721 4830 ’

707 4939 888 5015 Praeterea
910 4941 1072 5016 lectiones
1092 4940 1248 5041 publicas
1267 4943 1410 5020 babebit
1429 4943 1474 5020 de
1492 4944 1608 5044 aliquo
1626 4943 1788 5022 historiae
1807 4943 1929 5044 eapite.
