4900 6196
754 781 757 788 Ι
856 677 1271 790 nnnnvonnnne.
1759 679 1825 749 ew
1947 769 1951 772 ,

288 893 359 994 eijn
384 917 451 968 van
488 889 545 965 die
576 886 770 989 beperking
804 911 869 962 vnn
904 886 965 961 het
992 885 1273 988 eigendomsregt
1300 912 1346 988 op
1371 887 1537 964 roerende
1560 885 1695 962 zaken?
1734 886 1822 961 Men

288 1014 342 1090 nel
371 1011 432 1110 mij
466 1006 707 1086 entwoorden:
747 1005 835 1106 nwij
867 1005 1006 1080 hebben
1035 1005 1119 1082 henr
1142 1030 1393 1108 overgenomen
1424 1007 1477 1083 nit
1498 1007 1567 1083 den
1589 1006 1686 1082 Oode
1708 1006 1819 1098 Civil,

289 1134 372 1208 dene
406 1130 461 1206 uit
483 1129 528 1204 de
556 1126 769 1217 Oohtumes,
799 1125 843 1200 de
873 1124 1065 1200 contumes
1090 1126 1142 1200 nit
1163 1126 1223 1201 het
1246 1127 1501 1203 Germennsehe
1525 1126 1705 1227 negt3die
1727 1126 1822 1225 regel
1983 1163 1992 1188 v

287 1253 319 1329 is
352 1251 433 1328 echt
461 1247 653 1337 netioneeh
688 1246 736 1346 hij
767 1245 850 1346 gold
871 1245 971 1320 reeds
996 1245 1033 1320 in
1061 1247 1233 1322 overoude
1257 1246 1367 1346 tijden
1393 1247 1440 1344 bij
1464 1273 1549 1322 onze
1574 1246 1818 1322 voorouders.”

289 1375 369 1450 Met
395 1371 449 1446 dit
470 1367 649 1446 entwoord
671 1365 765 1466 geeft
785 1391 866 1441 men
889 1366 1075 1440 missehien
1100 1366 1164 1442 wel
1189 1368 1257 1442 den
1284 1366 1511 1443 historischen
1535 1393 1724 1469 ooreprong
1753 1393 1820 1442 ann

291 1495 335 1568 de
374 1489 489 1580 bend,
524 1513 621 1564 maer
653 1485 838 1562 denrmede
876 1485 987 1561 wordt
1019 1485 1079 1560 het
1102 1485 1259 1586 beginsel
1281 1486 1354 1561 niet
1378 1488 1687 1588 geregtvnerdigd,
1715 1491 1822 1587 teneij

291 1637 372 1689 men
405 1610 515 1686 nonde
548 1607 663 1682 willen
695 1630 910 1696 ennnemen,
946 1606 1007 1682 det
1036 1606 1080 1680 de
1095 1611 1099 1620 '
1114 1607 1396 1682 Nederlnndeche
1432 1616 1603 1708 wetgevet
1630 1609 1683 1682 uit
1707 1609 1820 1708 nijnen

292 1733 377 1810 nard
408 1738 520 1806 meent
548 1726 782 1815 nebneuwen,
818 1733 888 1799 weh
917 1724 961 1800 de
998 1725 1093 1800 Oode
1131 1726 1221 1802 Civil
1257 1729 1463 1818 verordend,
1497 1754 1541 1804 en
1565 1729 1633 1804 ook
1657 1727 1701 1804 de
1725 1729 1821 1804 Oode

293 1853 409 1928 weder
441 1845 730 1951 geregtveardigd
767 1870 837 1921 was
874 1854 947 1920 met
971 1855 1108 1920 everte
1131 1871 1277 1936 nemen,
1311 1857 1380 1922 wet
1405 1849 1449 1923 de
1470 1827 1663 1924 Oohtunnes
1684 1849 1824 1950 geleerd

294 1973 445 2048 hedden.
495 1969 549 2043 De
581 1966 778 2042 Frnnschen
817 1967 951 2042 houden
988 1991 1057 2066 nog
1097 1991 1181 2042 eene
1216 1967 1493 2042 verschoonende
1524 1969 1630 2043 reden
1657 1993 1738 2044 voor
1765 1968 1822 2043 die

293 2091 481 2194 newolging
502 2088 617 2188 gehed
638 2086 797 2175 hebben,
823 2093 917 2162 want
945 2086 1002 2161 die
1025 2087 1120 2187 regel
1141 2111 1206 2162 ven
1234 2086 1471 2162 Germeenseh
1493 2097 1571 2188 negt
1593 2113 1663 2164 wee
1688 2088 1825 2163 elthens

291 2213 329 2288 in
354 2212 398 2288 de
418 2210 546 2286 lenden
568 2209 613 2282 de
635 2210 728 2283 droit
748 2205 931 2282 coatumier
954 2207 991 2280 in
1019 2231 1141 2308 eweng
1164 2206 1342 2307 gebleven.
1394 2207 1496 2282 Meet
1519 2207 1572 2281 dit
1595 2232 1665 2283 was
1687 2207 1737 2304 hij
1761 2232 1825 2282 ons
1948 2253 1953 2264 ·

292 2334 367 2409 niet
399 2333 461 2406 het
491 2327 599 2428 gevel.
650 2328 725 2402 Heb
755 2325 987 2402 Remeinsehe
1021 2335 1099 2426 regt
1137 2327 1208 2402 had
1242 2327 1309 2402 ook
1345 2325 1382 2400 in
1421 2326 1474 2400 dit
1506 2327 1623 2426 opnigt
1651 2327 1711 2401 het
1737 2329 1824 2400 Ger·

294 2450 480 2528 meensebe
512 2454 589 2547 regt
619 2444 716 2544 bijne
748 2444 863 2519 overel
889 2445 1114 2545 verdrongen.
1165 2447 1267 2520 Eerst
1291 2469 1483 2522 nonnwwx
1508 2469 1702 2521 nneonnon
1722 2447 1826 2547 bregt

296 2597 361 2649 ons
387 2570 466 2645 dien
489 2567 584 2668 regel
605 2566 642 2640 in
667 2566 735 2662 nijn
760 2564 918 2639 wetboek
946 2573 1025 2658 (ert.
1048 2567 1173 2659 1906).
1223 2565 1296 2640 Det
1319 2589 1400 2640 men
1426 2565 1507 2640 dien
1534 2589 1584 2640 nu
1607 2565 1656 2666 bij
1681 2565 1725 2640 de
1751 2567 1823 2641 Ne-

298 2689 522 2767 derlnndsehe
548 2687 743 2787 wetgeving
767 2683 1016 2784 bestendigde,
1042 2709 1086 2760 en
1112 2686 1185 2760 niet
1215 2685 1338 2785 volgde
1362 2685 1422 2759 het
1444 2694 1600 2785 ontwerp
1622 2711 1688 2760 ven
1706 2686 1748 2761 B.
1765 2685 1825 2763 W.

296 2837 362 2888 ven
396 2813 511 2898 1820,
548 2807 677 2882 weerin
709 2804 770 2880 het
803 2806 1144 2907 tegenovergestelde
1177 2831 1247 2882 was
1275 2806 1511 2905 voorgesteld,
1545 2805 1711 2880 denrvoor
1730 2813 1826 2886 meet

296 2931 361 3006 wel
379 2955 464 3006 eene
488 2927 615 3003 endere
637 2923 745 3000 reden
764 2931 914 3024 geweest
934 2924 1026 3024 nijn,
1051 2924 1120 3000 den
1146 2925 1191 3000 de
1208 2925 1392 3024 terugkeer
1413 2933 1466 3001 tot
1487 2925 1547 3001 het
1569 2927 1826 3002 Germeansehe

296 3059 384 3152 negt.
432 3051 602 3136 Immers,
619 3044 732 3144 Mijne
752 3043 909 3134 Heeren,
934 3044 979 3118 de
996 3045 1157 3120 toestnnd
1176 3045 1237 3120 der
1254 3045 1510 3122 Germeeneohe
1525 3071 1596 3147 nog
1611 3047 1825 3146 eenvoudige

296 3167 547 3269 meateebeppij
579 3191 650 3242 we·
683 3163 806 3266 geheel
828 3164 972 3254 endere,
999 3165 1068 3242 den
1093 3167 1138 3240 de
1161 3165 1449 3266 hedendnegsehe
1476 3173 1547 3242 met
1569 3167 1604 3242 nl
1626 3167 1708 3242 here
1728 3167 1826 3266 inge·

296 3287 540 3366 wikkeldheid.
598 3288 654 3360 De
679 3309 861 3360 voorname
893 3284 1043 3385 rijkdom
1076 3286 1150 3360 dier
1180 3285 1294 3386 degen
1326 3293 1382 3361 net
1411 3286 1449 3361 in
1481 3287 1526 3361 de
1553 3287 1764 3362 onroerende
1790 3286 1831 3362 of

302 3418 396 3486 veste
426 3407 596 3508 goederen
625 3449 674 3464 ·-·
703 3405 920 3496 wearonder,
946 3431 1030 3482 near
1052 3406 1090 3481 ik
1111 3431 1232 3496 meen,
1257 3405 1325 3480 ook
1349 3431 1420 3505 neg
1448 3407 1513 3480 wel
1537 3406 1598 3480 het
1621 3431 1682 3481 vee
1704 3407 1825 3506 begre·

300 3555 371 3632 pen
405 3553 495 3617 wee;
531 3526 575 3602 de
612 3525 734 3601 tilhere
763 3525 802 3600 of
831 3527 996 3602 roerende
1029 3551 1143 3603 waren
1171 3552 1236 3602 ven
1259 3526 1403 3626 geringe
1429 3525 1639 3603 beteekenie.
1689 3527 1825 3627 Tagen·

301 3649 455 3748 woordig
477 3647 594 3722 echter
616 3645 663 3720 nit
685 3646 729 3720 de
757 3671 940 3722 voorneme
965 3648 1115 3748 rijkdom
1138 3647 1199 3722 der
1219 3646 1379 3722 volkeren
1402 3645 1439 3720 in
1465 3647 1634 3736 roerende
1653 3646 1826 3746 goederen

299 3782 359 3847 ten
394 3768 540 3869 gevolge
571 3789 636 3842 ven
670 3765 714 3841 de
746 3767 863 3868 vlugt,
897 3767 954 3842 die
985 3768 1029 3843 de
1063 3767 1254 3868 nijverheid
1284 3767 1321 3841 in
1349 3767 1455 3842 heren
1482 3767 1649 3866 geheelen
1675 3791 1827 3869 omveng

302 3913 473 3991 genomen
494 3886 607 3977 heeft,
632 3892 693 3962 ten
713 3887 859 3988 gevolge
885 3913 951 3963 ven
972 3888 1017 3963 de
1039 3889 1113 3963 vele
1135 3887 1320 3964 behoeften
1341 3886 1404 3962 der
1422 3886 1630 3977 menschen,
1657 3886 1714 3962 die
1732 3912 1826 3963 vroe·

303 4009 464 4109 ger‘niet
482 4006 699 4097 hestonden,
724 4031 768 4082 en
792 4007 894 4082 thane
917 4008 999 4083 here
1021 4009 1212 4111 vervulling
1235 4009 1385 4084 eisehen.
1436 4007 1697 4109 Oppervlekkig
1718 4008 1827 4084 nonde

303 4151 385 4202 men
420 4125 487 4200 due
518 4149 683 4214 meenen,
719 4124 780 4200 det
811 4123 856 4200 de
886 4125 1177 4225 eigendomseetie
1208 4127 1245 4202 in
1281 4127 1338 4202 die
1368 4126 1481 4226 degen
1505 4135 1578 4202 met
1605 4127 1743 4202 minden
1765 4151 1826 4202 ne·

304 4245 382 4320 deel
412 4244 528 4320 konde
561 4243 689 4343 gemist
720 4243 879 4334 worden,
911 4253 991 4320 boen
1024 4247 1068 4320 de
1095 4247 1229 4322 waerde
1253 4247 1314 4322 der
1333 4247 1498 4321 roerende
1527 4247 1699 4347 goederen
1726 4246 1828 4323 luttel

304 4391 395 4455 wes3
432 4372 505 4440 met
534 4364 672 4440 minder
704 4364 829 4440 nedeel
864 4365 933 4440 den
969 4365 1092 4455 thane,
1125 4391 1176 4441 nn
1206 4366 1248 4466 eij
1281 4390 1345 4440 een
1376 4372 1495 4465 groot,
1527 4391 1589 4441 eoo
1613 4365 1741 4441 alniet
1767 4365 1828 4441 het

305 4491 458 4586 gmonte
489 4483 647 4586 gedeelte
679 4509 745 4562 ven
779 4485 847 4561 den
882 4486 1078 4562 nationalen
1113 4485 1262 4587 rijkdom
1296 4485 1486 4562 uitmeken.
1537 4487 1593 4561 En
1616 4485 1698 4562 tooh
1721 4485 1753 4562 is
1775 4485 1829 4562 dit

305 4605 380 4682 niet
409 4603 584 4705 geeehied.
633 4605 689 4680 En
712 4604 813 4696 toeh,
845 4607 957 4682 nooele
980 4608 1120 4702 vonn1)
1147 4607 1200 4682 dit
1222 4614 1359 4698 noemt,
1385 4605 1480 4682 heeft
1501 4629 1583 4682 men
1604 4630 1651 4708 op
1671 4605 1725 4684 dit
1738 4613 1830 4710 punt

348 4861 374 4944 ¹)
395 4861 451 4926 Ad.
471 4863 516 4925 tie
536 4862 604 4942 big.
622 4862 658 4926 de
677 4865 731 4928 Rei
745 4863 863 4928 Vindio.
883 4887 912 4930 n.
937 4869 984 4929 12.

1616 4973 1664 5046 88
