4960 6194
664 665 707 732 10
1297 671 1321 737 l.
1357 669 1420 736 DE
1455 667 1572 736 wll

662 871 850 974 gistratum
879 883 985 974 atque
1008 899 1052 952 ex
1075 875 1117 952 eo
1141 875 1224 952 iude
1258 883 1413 976 tempore
1436 875 1508 950 duo
1528 875 1716 976 quotannis
1738 877 1968 960 Bononiensis
1986 881 2099 957 studii
2118 907 2190 960 me·

662 1003 844 1068 morantur
865 995 1052 1086 fflctores,
1076 996 1163 1072 ulter
1189 995 1416 1088 Ima'stonrrr,
1438 998 1650 1072 Artutonm
1666 995 1770 1078 alter:
1792 1005 1939 1100 uterque
1956 1001 2192 1080 studiosorum

663 1113 837 1214 suffragiis
862 1115 983 1192 lectus.

711 1235 771 1308 Ad
805 1235 961 1310 Rectoris
990 1235 1142 1311 officium
1175 1235 1262 1334 quid
1294 1234 1399 1310 luerit
1429 1235 1658 1334 requisitum,
1693 1235 1818 1310 docent
1849 1257 1913 1308 nos
1938 1240 2089 1325 statuta,
2115 1241 2192 1314 tuan

662 1354 824 1452 antiqua,
859 1363 936 1428 turn
968 1355 1177 1444 recentiora,
1211 1355 1350 1454 saepius
1372 1355 1583 1454 amplificato
1604 1363 1640 1430 et
1662 1363 1826 1432 correcta.
1876 1354 1942 1428 Est
1964 1379 2090 1454 operae
2115 1381 2191 1456 pre·

662 1471 772 1562 tium,
805 1473 842 1546 in
877 1474 954 1573 ipsa
986 1476 1180 1550 accuratius
1212 1475 1405 1574 inquirere,
1437 1475 1645 1575 comparatis
1684 1475 1833 1550 subinde
1865 1499 1947 1550 cum
1981 1475 2194 1552 Bononiensi

660 1615 783 1668 norme
805 1593 951 1668 aliarum
979 1594 1254 1669 Universitatum
1280 1593 1418 1693 legibus
1448 1595 1495 1668 ed
1520 1595 1597 1669 eius
1624 1596 1824 1696 exemplum
1848 1593 1919 1668 lere
1943 1593 2102 1670 reductis.

710 1713 870 1788 Primum
901 1713 1160 1812 requirebatur,
1193 1722 1232 1788 ut
1257 1715 1386 1789 Rectus
1414 1721 1503 1788 esset
1520 1715 1696 1790 rabban.
1746 1712 1964 1789 Scholarium
1984 1712 2022 1786 in
2046 1737 2194 1788 numero

658 1841 878 1930 oomputatos
905 1833 1012 1908 luisse
1038 1833 1244 1932 professores
1273 1833 1450 1908 existimat
1478 1857 1639 1908 summus
1664 1836 1919 1910 Germanorum
1942 1832 2066 1906 Ictus:
2094 1833 2192 1932 equi·

661 1952 743 2028 dem
778 1952 859 2027 huic
892 1954 1083 2028 sententies
1115 1953 1332 2028 subscribere
1356 1977 1492 2052 nequeo
1512 1962 1548 2028 et
1572 1955 1740 2053 paulatim
1762 1953 1947 2054 magistros
1971 1951 2121 2026 subinde
2147 1953 2195 2028 ad

661 2074 820 2148 Rectoris
849 2097 978 2150 munus
1002 2075 1163 2149 advectos
1184 2099 1260 2148 esse
1282 2082 1389 2174 puto,
1414 2081 1535 2149 contra
1558 2075 1721 2174 antiquus
1741 2083 1950 2148 statutorum
1975 2072 2130 2172 regulus,
2154 2076 2195 2146 ut

662 2195 805 2294 publico
830 2195 1013 2270 satisfieret
1036 2195 1230 2270 commodo.

713 2315 914 2404 Praeterea,
948 2324 988 2389 rt
1022 2340 1092 2390 non
1124 2321 1262 2388 tantum
1295 2317 1369 2389 uita
1402 2322 1438 2389 et
1469 2315 1619 2388 mombar
1643 2315 1786 2412 praue,
1811 2313 1986 2400 tonmtrrs,
2011 2313 2195 2400 discretus,

662 2437 797 2534 quietus
831 2443 866 2509 et
901 2437 1010 2509 iuretur
1038 2443 1146 2523 esset,
1176 2433 1238 2508 sed
1258 2441 1294 2508 et
1314 2435 1456 2508 clera'cus
1481 2459 1547 2506 noa
1573 2436 1781 2532 coniugatus.
1831 2430 1960 2504 Clerici
1979 2430 2122 2505 nomino
2145 2429 2195 2504 ri·

662 2577 742 2628 rum
773 2554 882 2629 literis
910 2579 1052 2654 operam
1073 2561 1257 2629 novantem
1281 2553 1337 2627 hio
1364 2551 1554 2652 significari
1581 2552 1783 2626 existimant
1806 2549 1922 2624 multi:
1948 2574 2100 2648 quorum
2121 2549 2195 2650 opi·

662 2673 741 2763 nio,
771 2676 871 2763 satis,
896 2675 934 2749 ni
957 2675 1074 2763 tollor,
1099 2675 1266 2748 refellitur
1292 2697 1407 2748 urrini
1433 2671 1648 2759 testimonio,
1672 2667 1719 2744 sd
1742 2667 1997 2766 quaestionem,
2021 2667 2195 2768 numquid

661 2793 791 2866 Reotor
822 2792 1030 2866 scholarium
1064 2791 1174 2862 luicus
1193 2814 1269 2861 esse
1290 2789 1418 2884 possit,
1444 2789 1605 2884 negando
1627 2787 1877 2884 respondentis.
1927 2789 2077 2884 Insuper
2097 2787 2195 2884 qnod

661 2913 886 3011 postularunt
914 2915 1065 2992 statuta,
1099 2912 1140 2978 ut
1175 2927 1247 2978 non
1276 2904 1381 2978 modo
1418 2905 1583 2978 scholaris
1621 2905 1685 2978 sed
1710 2914 1747 2980 et
1766 2905 1911 2980 clericus
1932 2913 2023 2980 esset
2044 2905 2193 2996 Rector,

665 3039 783 3128 aperte
808 3027 925 3114 docet,
950 3023 1045 3098 idem
1070 3031 1220 3124 utroque
1244 3024 1384 3099 nomine
1409 3025 1616 3124 neutiquam
1640 3023 1826 3123 designari.

713 3147 820 3221 Porro
848 3144 1089 3244 requirebatur
1118 3145 1154 3219 in
1184 3145 1349 3234 Rectore,
1374 3139 1424 3220 ut
1440 3147 1566 3220 nouisse
1591 3148 1766 3247 religionis
1792 3152 1894 3234 earet,
1918 3144 1942 3220 i.
1966 3168 1998 3219 e.
2022 3144 2121 3218 nullo
2140 3167 2194 3219 re·

661 3265 864 3365 ligiosorunr
897 3271 975 3337 voto
1004 3263 1208 3352 adstrictus,
1240 3272 1276 3337 et
1300 3261 1485 3338 minimum
1506 3267 1657 3365 quinque
1680 3267 1782 3340 narb
1802 3287 1944 3364 operam
1965 3263 2194 3362 impendisset

661 3387 701 3461 in
731 3385 857 3460 studiis
884 3384 1123 3484 generalibus,
1157 3383 1355 3480 viseretque
1388 3387 1432 3458 de
1455 3409 1530 3459 suo.
1582 3383 1737 3458 Tandem
1760 3393 1802 3458 ut
1822 3387 2015 3484 os'geaimum
2041 3385 2193 3484 quintus

664 3507 788 3582 aetatis
826 3532 949 3580 onnam
988 3505 1178 3605 attigisset,
1216 3512 1257 3577 ut
1290 3506 1429 3580 idoneare
1467 3511 1559 3578 esset
1589 3511 1625 3578 et
1658 3507 1694 3578 r‘n
1719 3503 1952 3602 secutaribus
1984 3504 2192 3578 sufficienter

663 3631 875 3714 abundaret,
907 3651 952 3700 ne
980 3627 1060 3724 quis
1093 3625 1141 3700 ad
1177 3625 1421 3700 sustinendum
1443 3650 1524 3700 oum
1551 3625 1721 3724 dignitate
1742 3623 1982 3724 magistratum
2007 3649 2049 3698 ex
2074 3647 2116 3697 eo
2139 3623 2192 3698 lu·

663 3773 760 3823 crum
797 3769 961 3843 quaerere
995 3754 1186 3844 cogeretur.
1250 3746 1289 3818 Si
1323 3746 1442 3819 nullus
1475 3752 1582 3833 esset,
1616 3745 1678 3844 qui
1699 3743 1857 3819 Rectoris
1885 3767 2017 3818 munus
2041 3749 2191 3842 peteret,

664 3867 845 3942 Proreotor
870 3865 1080 3964 eligebatur,
1106 3865 1168 3963 qui
1190 3865 1245 3938 vel
1270 3873 1343 3940 toto
1366 3889 1458 3938 anno
1476 3865 1591 3940 locum
1615 3864 1777 3953 tenebat,
1803 3863 1858 3938 vel
1876 3861 2022 3938 cedebat
2040 3863 2111 3951 illi,
2130 3861 2192 3960 (μ’

665 4011 704 4064 re
725 3987 847 4086 quovis
870 3997 1027 4084 ternpore
1049 3984 1206 4073 offerret,
1232 3992 1272 4058 ut
1294 3984 1422 4058 Rector
1435 3993 1617 4060 crearetur.
1668 3985 1712 4058 In
1727 3984 1871 4060 Scholse
1891 3981 2191 4059 Patavinaelastis
2342 4079 2345 4084 ,

664 4107 794 4184 saeculi
826 4105 953 4180 decimi
987 4103 1128 4204 septimi
1157 4103 1273 4202 plures
1309 4127 1329 4176 e
1362 4103 1575 4179 nostratibus
1604 4111 1858 4194 memorantur,
1891 4103 1953 4202 qui
1981 4099 2190 4177 Prorecton's

663 4227 838 4326 provincia
871 4223 983 4300 firncti
1009 4233 1108 4312 sunt,
1133 4223 1224 4330 inter
1247 4223 1401 4298 [notas
1422 4245 1561 4299 rnraos
1582 4247 1741 4300 nsuorns
1765 4222 2127 4310 GouduHollnndus,
2150 4220 2189 4294 in

663 4349 875 4421 Artiatmam
912 4369 1060 4420 numero
1088 4365 1274 4418 nnunrous
1303 4365 1377 4416 vsu
1410 4365 1485 4416 nnn
1513 4367 1653 4433 roonr,
1687 4367 1902 4420 sussurans
1929 4365 2085 4418 ricosus
2112 4361 2187 4415 vsu

664 4483 911 4541 snocnnssnr
933 4473 969 4539 et
993 4487 1148 4539 rscoaar
1173 4485 1350 4552 assensn,
1374 4462 1725 4540 Amstelodamenses.

715 4585 834 4660 Creari
867 4585 1051 4658 Rectorem
1082 4583 1211 4678 placuit
1242 4607 1286 4658 ex
1321 4584 1458 4658 decreto
1487 4583 1637 4672 consilii,
1668 4581 1835 4660 udbibitis
1863 4579 2077 4656 scholaribus
2098 4601 2186 4654 non·

663 4705 790 4794 nullis,
815 4730 837 4780 a
860 4713 935 4778 toto
952 4702 1175 4778 universitate
1196 4701 1349 4780 delectis
1387 4701 1521 4802 Cuique
1545 4693 1696 4792 nationi,
1721 4727 1812 4802 quae
1833 4699 1981 4802 propriis
2009 4698 2186 4802 gaudebat

662 4824 820 4926 legibus,
845 4849 909 4901 suo
927 4833 1085 4924 tompore
1106 4845 1309 4899 conoessum
1332 4821 1416 4915 luit,
1441 4831 1483 4899 ut
1504 4847 1550 4900 ex
1572 4823 1649 4924 ipsa
1669 4824 1797 4900 Rector
1815 4821 2010 4922 eligeretur.
