4912 6214
640 666 705 736 108
1134 667 1424 736 DOGTORES
1457 667 1671 734 chetei.

638 874 685 953 D.
711 877 758 951 25
784 875 925 976 Aprilis.
974 874 1087 948 Isssc
1115 897 1298 949 sensnum
1329 898 1443 963 neve,
1470 899 1514 950 ex
1538 873 1666 973 oppido
1691 871 1917 960 Doetichcm,
1943 873 2082 972 publice
2108 875 2167 952 de·

786 995 885 1070 ienso
912 991 1116 1094 specimine:
1150 1019 1229 1068 cuer
1256 995 1299 1068 de
1331 997 1367 1067 in
1397 995 1462 1068 den
1484 994 1611 1068 handel
1624 992 1873 1094 pebruikeliJ'ke
1896 992 2098 1094 belceniups·
2127 1021 2169 1072 cn

775 1097 1222 1214 proleepctieccntracteu,
1247 1113 1320 1190 Inr.
1346 1113 1449 1188 Rem.
1476 1121 1512 1187 et
1537 1111 1632 1188 Hod.
1657 1113 1804 1202 Doctor,
1829 1137 1952 1212 mapsa
1967 1139 2037 1188 cum
2055 1115 2167 1192 laude.

640 1235 687 1312 D.
714 1237 761 1310 12
786 1233 884 1308 Maii.
935 1233 1121 1306 Iensuuns
1153 1255 1345 1306 nennnees
1369 1257 1545 1308 coenems
1568 1253 1725 1320 msusu,
1757 1257 1778 1305 e
1806 1255 1898 1331 pege
1926 1231 2169 1309 Seeterwoude

785 1349 1021 1438 Rotundus(
1038 1349 1180 1424 defenso
1212 1349 1416 1448 specimine:
1443 1377 1522 1426 ouer
1550 1345 1699 1428 curutclc
1724 1377 1765 1450 cp
1791 1354 1887 1452 espen
1914 1354 2069 1442 cereoek,
2096 1354 2169 1430 Iur.

788 1471 892 1547 Rom.
918 1481 955 1545 et
978 1469 1073 1544 Hod.
1099 1469 1240 1559 Doctcr,
1265 1497 1336 1544 cum
1360 1473 1471 1547 leude.

640 1592 687 1668 D.
714 1593 762 1666 24
786 1591 885 1666 Maii.
936 1591 1127 1664 lonenses
1160 1613 1345 1666 nnunmus
1376 1613 1654 1680 smununoucn,
1688 1591 1996 1692 Noviomugensis,
2020 1590 2170 1668 defensis

787 1709 962 1798 thesibus,
988 1709 1059 1784 iur.
1086 1709 1188 1782 Rom.
1214 1717 1250 1782 et
1275 1709 1368 1785 Hod.
1395 1711 1536 1799 Ductor,
1561 1736 1632 1785 cum
1657 1713 1767 1786 laude.

641 1830 687 1909 D.
716 1829 889 1907 eeneii.
938 1829 1085 1902 Snnsnn
1111 1852 1227 1904 renco
1255 1853 1411 1904 eosuues
1435 1855 1510 1906 nse
1539 1854 1614 1905 vsu
1637 1851 1830 1918 usnnnnu,
1862 1819 2000 1928 publice
2029 1829 2172 1906 defenso

787 1947 993 2049 specimine:
1019 1971 1098 2022 ouer
1123 1949 1166 2022 de
1189 1951 1414 2050 repteplcpiup
1435 1953 1472 2025 in
1493 1953 1601 2026 zaken
1623 1977 1690 2025 ean
1716 1951 1944 2049 koephcudel,
1969 1951 2041 2028 Iur.
2065 1951 2169 2027 Rene

787 2078 823 2144 et
848 2069 942 2143 Hod.
968 2067 1117 2155 Doctcr,
1143 2093 1214 2142 cum
1238 2070 1349 2143 laude.

641 2189 688 2268 D.
740 2188 892 2264 blunii.
944 2187 1147 2263 Dounsnes
1180 2211 1295 2277 cocu,
1329 2187 1694 2288 Lagnum-Batavus,
1729 2189 1871 2264 defenso
1898 2189 2104 2290 specimine:
2129 2191 2171 2266 dc

788 2310 886 2383 Iuris
928 2309 1083 2381 Gentium
1118 2309 1297 2404 Europaei
1324 2309 1484 2404 sontibus
1515 2315 1551 2383 et
1575 2311 1878 2406 sendcmeelibus,
1911 2311 1984 2387 Iur.
2008 2311 2110 2386 Rom
2135 2316 2171 2384 et

785 2427 880 2502 Hod.
906 2427 1053 2515 Ductor,
1078 2453 1200 2526 mapsa
1224 2453 1295 2500 eum
1319 2428 1430 2502 laude.

639 2549 686 2625 D.
737 2545 889 2623 81unii.
939 2547 1053 2620 leues
1085 2568 1313 2634 seenunone,
1345 2571 1388 2620 ex
1411 2546 1540 2646 oppido
1563 2547 1792 2638 Oudeweter,
1821 2549 1971 2625 defensis
1993 2547 2169 2640 thesibus,

784 2667 858 2740 Iur.
884 2665 988 2740 Rem.
1017 2672 1052 2738 st
1077 2664 1175 2739 Hod.
1203 2665 1350 2754 Doctor,
1375 2692 1445 2739 cum
1470 2668 1581 2742 laude.

638 2785 774 2863 Eodem
801 2783 868 2859 die.
918 2784 1116 2858 Anneneus
1142 2805 1296 2856 meones
1320 2805 1565 2871 wensnnoon,
1594 2809 1614 2858 e
1637 2809 1729 2887 pege
1755 2787 1998 2863 Soeterwonde
2025 2787 2169 2863 Hellen·

787 2903 872 2991 dns,
896 2902 1035 3002 publice
1060 2901 1202 2974 defenso
1227 2901 1431 3000 specimine:
1458 2927 1537 2975 over
1557 2905 1600 2976 de
1615 2907 2169 3004 priecatreptelijkevercntwoor·

786 3023 976 3118 delcpkhcid
996 3045 1062 3094 vau
1091 3021 1155 3093 den
1177 3023 1310 3094 notarie
1334 3045 1412 3093 eocr
1433 3022 1497 3094 den
1518 3045 1608 3094 eorm
1631 3047 1672 3096 en
1696 3025 1760 3097 den
1779 3025 1908 3100 intend
1922 3029 2034 3126 zejncr
2049 3032 2168 3121 ahten,

785 3140 858 3214 Inr.
886 3139 988 3212 Rem.
1015 3145 1050 3212 et
1076 3135 1163 3212 Hod.
1190 3137 1330 3226 Ductor,
1355 3165 1427 3213 cum
1452 3139 1561 3214 leude.

639 3259 686 3337 D.
738 3257 892 3334 Olenii.
943 3257 1137 3332 Hnunnces
1160 3251 1315 3332 meones
1343 3281 1487 3332 osunen
1513 3261 2168 3355 v1ss0nm,80nr:csrtensis,deren·

790 3377 838 3452 sis
861 3377 1038 3465 thesibus,
1063 3378 1134 3452 Iur.
1161 3377 1262 3452 Rom.
1290 3387 1326 3452 et
1350 3378 1445 3454 Hod.
1471 3379 1618 3470 Doctcr,
1643 3407 1715 3456 eum
1740 3382 1850 3458 laude.

641 3496 776 3576 Eodem
801 3498 868 3574 die.
917 3499 1125 3573 Dmnmces
1151 3521 1305 3574 meones
1336 3521 1607 3588 wonnnunnnx,
1633 3501 2005 3594 Amsteleedemensis,
2030 3503 2171 3605 publice

792 3618 934 3693 defense
972 3617 1167 3718 specimine
1200 3627 1291 3693 cont.
1325 3621 1550 3719 beschcuwiup
1582 3647 1660 3696 over
1690 3625 1733 3698 de
1763 3631 1829 3698 ue!
1860 3649 1901 3722 op
1938 3627 1981 3700 dc
2021 3625 2169 3700 trimen-

780 3741 993 3836 posten'jen,
1019 3738 1092 3811 Iun.
1119 3739 1220 3812 Rom.
1247 3738 1403 3832 etHed.
1429 3739 1569 3828 Doctor,
1594 3767 1665 3814 cum
1689 3744 1799 3820 laude.

644 3857 690 3934 D.
717 3859 765 3930 30
788 3856 894 3930 Iunii.
919 3855 1156 3930 Hennenses
1183 3877 1395 3932 nncnnenes
1420 3881 1731 3947 consuensunnn,
1756 3885 1878 3960 epege
1898 3859 2013 3960 Wyhe
2032 3861 2168 3936 'lhensi-

791 3975 948 4063 selenus,
973 3973 1123 4048 defensis
1149 3975 1326 4064 thesibus,
1353 3977 1426 4051 Iur.
1450 3977 1551 4052 Rom.
1577 3988 1613 4052 et
1638 3978 1732 4054 Hod.
1758 3980 1898 4070 Ductor,
1920 4007 1992 4056 cum
2009 3983 2119 4056 leude.

646 4099 779 4177 Eodem
805 4097 873 4172 die.
922 4097 1153 4171 Fnsucnsces
1197 4119 1390 4169 ennsnnes
1424 4119 1544 4170 nsum
1578 4119 1651 4172 vsu
1688 4120 1819 4172 uusenu
1853 4123 1923 4174 non
1961 4123 2168 4191 snvuusnn,

793 4217 938 4306 Gelrus,
964 4215 1115 4290 defensis
1140 4213 1318 4302 thesibus,
1343 4215 1415 4290 Iur.
1441 4215 1544 4290 Rem.
1570 4227 1606 4290 et
1631 4217 1725 4294 Hod.
1752 4219 1889 4295 Ductor.

648 4339 782 4415 Eodem
807 4337 874 4412 die.
925 4337 1072 4412 Dumnn
1104 4359 1258 4411 meones
1284 4338 1483 4434 {senenses
1516 4360 1676 4427 essens,
1710 4363 1842 4439 epsgo
1874 4339 1997 4414 Gorsel
2024 4339 2168 4429 Gehus,

795 4455 945 4531 defensis
971 4455 1148 4544 thesibus,
1173 4455 1246 4531 Iur.
1272 4455 1374 4532 Rom.
1400 4465 1437 4530 et
1459 4457 1553 4532 Hod.
1579 4457 1718 4536 Doctor.

649 4575 782 4650 Eodem
809 4575 902 4650 die·
936 4545 1124 4650 Enemhes
1156 4599 1409 4652 coneemnnes
1436 4601 1613 4654 nosnenes
1645 4597 1808 4670 eunucu,
1841 4575 2169 4680 Sylvee-Ducensis,

716 4695 719 4708 “
797 4693 938 4769 defenso
962 4695 1148 4794 specimine
1158 4699 1280 4794 :Voeeri
1293 4699 1567 4773 commandituire
1587 4701 1891 4799 ecnnootscbappen
1914 4701 1964 4796 bsj
1986 4701 2084 4797 wsjce
2104 4723 2171 4774 eac

795 4815 1094 4906 aandeelen,1m.
1120 4816 1222 4892 Rem.
1248 4824 1284 4891 et
1308 4815 1402 4892 Hod.
1429 4818 1576 4910 Ductor,
1602 4844 1674 4895 cum
1696 4819 1807 4896 laude.
