4960 6194
885 647 1167 750 enarro.
1748 674 1790 744 re

264 887 303 962 in
323 888 558 966 Universitate
584 887 771 965 Perisiensi
793 897 959 989 receptas.
1018 887 1240 965 Contrarium
1264 911 1345 964 vero
1365 886 1521 986 quotidie
1545 886 1726 962 observare
1750 885 1791 960 li·

263 1017 338 1099 cet,
363 1010 532 1087 libertatis
558 1009 721 1086 umbram
746 1009 825 1084 illos
847 1010 998 1087 maxime
1019 1008 1202 1109 amplecti,
1226 1009 1469 1107 qui,'m0roso
1490 1007 1633 1082 tandem
1645 1004 1790 1080 custode

263 1136 414 1219 remoto,
449 1130 684 1231 cupiditatum
713 1154 856 1204 auarum
881 1130 1039 1206 licentiae
1061 1130 1162 1204 unice
1186 1129 1438 1228 indulgendum
1470 1151 1546 1204 esse
1566 1125 1789 1202 arbitrantur.
1856 1155 1859 1160 ¹

263 1248 358 1323 Iuris
383 1256 503 1324 autem
531 1249 710 1346 ,studiosos
746 1248 792 1322 ad
823 1249 1088 1348 imperandum,
1114 1249 1308 1348 Theologos
1332 1246 1592 1347 adpetendum
1618 1270 1693 1320 esse
1713 1268 1791 1345 pro·

264 1369 399 1458 micres,
431 1371 510 1469 quis
541 1369 629 1445 serio
658 1368 899 1444 contenderit?
957 1373 1040 1448 Quo
1069 1370 1231 1458 tandem,
1265 1393 1413 1468 quaeso,
1438 1377 1539 1467 pacto
1562 1367 1638 1441 fieri
1659 1366 1792 1466 potuit,

266 1497 308 1564 ut
337 1491 374 1564 in
406 1489 501 1564 omni
531 1487 718 1563 Germania
746 1495 852 1586 atque
880 1487 917 1562 in
945 1488 1058 1587 putria
1091 1497 1230 1578 nostra,
1255 1497 1428 1588 quotquot
1449 1511 1538 1560 nova
1557 1485 1697 1560 conditu
1723 1484 1793 1559 sint

266 1607 511 1683 humaniorum
545 1606 806 1705 disciplinarum
841 1617 878 1681 et
905 1607 1075 1683 libertatis
1096 1607 1298 1696 seminaria,
1323 1633 1383 1695 ea,
1408 1629 1453 1681 ne
1474 1630 1545 1680 uno
1567 1606 1709 1704 quidem
1732 1629 1792 1679 ex·

265 1735 385 1824 cepto,
417 1725 535 1801 omnic
563 1726 740 1802 Parisinae
778 1726 1022 1802 Universitatie
1050 1727 1197 1800 formam
1229 1725 1461 1800 adsciverint?
1511 1725 1570 1799 Ad
1593 1725 1793 1823 exemplum

255 1865 412 1948 ¹provoco
443 1847 712 1922 Academiarum
752 1853 789 1921 et
813 1848 1130 1946 Heidelberpearia
1154 1844 1255 1919 cuius
1273 1843 1533 1944 antiquissimas
1557 1843 1651 1943 leges
1674 1843 1793 1918 condi-

267 1965 359 2040 disse
380 1965 488 2040 fertur
510 1967 644 2066 primus
668 1965 824 2041 eiusdem
848 1966 977 2042 Rector
999 1986 1199 2039 mansurus
1222 1985 1270 2034 an
1295 1985 1455 2050 luceru,
1480 1962 1517 2036 in
1541 1961 1659 2036 Gelrio
1677 1968 1795 2038 nostra

265 2093 389 2174 natus,
414 2087 510 2186 apud
532 2086 743 2161 Perisienses
768 2085 972 2160 eruditionis
994 2083 1087 2158 lama
1110 2081 1342 2170 clarissimus;
1367 2123 1416 2138 -
1445 2087 1481 2156 et
1509 2083 1793 2172 Vindobonanais,

267 2227 357 2303 quae
390 2207 513 2279 almam
547 2205 680 2280 vocavit
703 2214 845 2281 matrem
868 2231 976 2280 unam
1004 2206 1181 2280 literarum
1204 2195 1461 2300 elegantiornm¹
1480 2199 1699 2290 facultatem,
1724 2225 1796 2300 qua

266 2332 419 2398 caeterae
446 2349 567 2399 omnes
601 2325 805 2400 nutriuntur
837 2352 877 2402 ac
907 2327 1081 2401 leventur:
1108 2367 1160 2383 --
1183 2324 1326 2398 tandem
1351 2322 1558 2419 Lipsieaeia,
1583 2321 1684 2395 ouius
1704 2321 1793 2396 anti·

142 2454 146 2460 '
266 2443 434 2544 quissima
463 2445 535 2520 late
564 2453 601 2520 et
632 2446 821 2558 singularia
849 2446 895 2521 ad
925 2444 1195 2545 promovendam
1225 2440 1479 2518 humanitatem
1510 2441 1672 2516 instituta
1700 2465 1795 2518 nune

268 2563 410 2638 demum
433 2589 477 2639 ex
499 2567 736 2639 monumentis
761 2590 782 2639 a
804 2587 988 2638 zaancrrro
1008 2564 1111 2636 editis
1131 2563 1233 2660 plane
1255 2585 1461 2658 cognoscere
1486 2561 1587 2636 nobis
1608 2561 1698 2636 licet.
1749 2563 1794 2636 In

244 2698 340 2756 'una
375 2684 548 2781 Properat
582 2683 683 2756 initio
714 2682 898 2769 Italicum,
932 2706 1015 2755 mox
1046 2680 1251 2754 Francicum
1273 2680 1428 2753 obtinuit
1452 2689 1622 2778 systemo3
1647 2682 1733 2756 item
1756 2682 1794 2756 in

267 2801 463 2875 Baailteaei
488 2801 704 2874 nobilissima
733 2799 910 2873 literarum
946 2799 1112 2886 statione,
1145 2799 1247 2872 cuiue
1281 2798 1410 2872 festum
1436 2801 1609 2874 saeculare
1630 2809 1794 2898 quartum

265 2943 381 3017 nuper
402 2917 452 2991 ita
472 2917 683 2992 celebratum
707 2917 795 3004 fuit,
824 2917 1049 2991 ntditissimi
1075 2915 1221 3015 emporii
1244 2915 1335 2990 cives
1359 2917 1494 2992 cunctis
1518 2918 1717 2992 viderentur
1730 2920 1795 2994 hu·

250 3038 447 3120 ,manicatis
469 3061 609 3111 causam
632 3043 668 3110 et
690 3037 838 3111 amicam
862 3036 1078 3118 eruditorum
1096 3035 1385 3134 conspirationem
1405 3035 1569 3110 omnibus
1599 3036 1676 3111 aliis
1697 3045 1797 3112 ante·

266 3182 395 3257 ponere
425 3157 514 3231 vitae
540 3155 716 3230 humanae
739 3156 951 3245 commodis,
977 3155 1040 3230 diu
1062 3163 1232 3230 certatum
1254 3155 1321 3229 fuit
1345 3155 1389 3229 de
1410 3155 1543 3254 optime
1563 3155 1639 3230 eius
1662 3155 1796 3230 instau-

268 3276 398 3350 randae
431 3276 726 3375 ordinandaeque
745 3275 873 3350 forma:
900 3276 982 3350 vicit
1004 3285 1120 3351 tamen
1146 3301 1266 3360 eorum
1289 3276 1479 3364 sententio,
1505 3275 1567 3374 qui
1591 3275 1795 3350 Gallo-Ger·

266 3395 404 3470 manico
442 3403 629 3494 systemate
663 3395 852 3494 prudenter
882 3396 1061 3472 moderato
1100 3396 1362 3496 disciplinarum
1396 3395 1632 3471 emolumento
1665 3396 1796 3495 optime

267 3525 409 3591 cautum
434 3514 477 3588 iri
501 3514 748 3591 existimarent.

318 3636 420 3712 Qu'ae
449 3659 531 3708 cum
557 3635 607 3708 ita
638 3635 726 3724 sint,
758 3635 964 3724 Auditores,
988 3643 1050 3710 aut
1073 3635 1172 3710 iallor
1196 3634 1348 3734 egregie,
1374 3639 1436 3708 aut
1461 3657 1599 3708 mecum
1623 3633 1793 3710 diversam

266 3754 449 3854 utriusque
491 3753 733 3829 Universitatis
764 3766 925 3831 naturam
957 3755 1197 3855 explicandam
1225 3778 1300 3828 esse
1330 3752 1546 3827 arbitramini
1578 3778 1621 3828 ex
1657 3755 1792 3830 diversa

269 3874 407 3972 qualern
439 3873 629 3972 significavi
650 3875 831 3974 utriusque
854 3874 998 3974 origine.
1050 3875 1093 3948 In
1119 3883 1266 3970 utruque
1286 3871 1465 3944 doctorum
1492 3896 1532 3945 ac
1559 3872 1794 3948 studiosorum

269 3991 464 4066 libertatem
490 3990 702 4091 adspicimus
724 3991 896 4090 praeclare
922 3991 1111 4090 vigentem:
1138 4014 1209 4088 que
1230 3989 1411 4063 deficiente
1433 4013 1607 4088 nusquam
1632 3992 1792 4090 gentium

236 4203 237 4211 ἵ
270 4109 410 4208 publica
440 4111 631 4186 iuventutis
656 4111 831 4186 institutio
853 4111 1046 4210 germinare
1066 4117 1102 4184 et
1129 4110 1281 4184 fructum
1305 4109 1393 4183 ferre
1417 4111 1553 4209 poterit.
1606 4111 1708 4184 Hanc
1729 4133 1792 4184 au·

272 4234 345 4302 tem
372 4238 406 4302 ot
425 4231 548 4304 mediis
570 4231 607 4305 in
632 4229 733 4304 bellis
759 4231 919 4305 civilibus
940 4229 1062 4304 acriter
1085 4228 1168 4303 tuiti
1189 4237 1272 4303 sunt
1292 4229 1391 4303 Itali:
1417 4229 1510 4303 Galli
1532 4253 1628 4316 vero,
1653 4229 1699 4304 ad
1714 4253 1791 4329 par·

270 4347 472 4446 pctiendam
509 4351 779 4426 dominationem
812 4349 995 4438 destinati,
1028 4373 1111 4423 mox
1142 4373 1219 4424 eam
1239 4347 1464 4452 amiserunt,
1501 4357 1674 4424 crescente
1709 4374 1790 4424 cum

270 4465 471 4540 clericorum
502 4469 696 4568 arrogantia
726 4467 960 4570 collegiorum,
981 4491 1137 4542 numero.
1189 4467 1315 4564 Itaque
1336 4490 1501 4566 germana
1519 4469 1613 4569 apud
1638 4469 1715 4544 illos
1735 4469 1789 4543 in·

270 4585 365 4660 teriit
398 4585 631 4663 universitatis
662 4587 774 4676 notio,
808 4611 1006 4685 nomenque
1040 4586 1182 4662 tandem
1213 4585 1386 4662 tributum
1418 4597 1472 4664 est
1497 4599 1669 4678 monstro,
1694 4589 1790 4689 quud

270 4705 461 4780 verendum
493 4716 547 4782 est
574 4733 620 4784 ne
654 4706 842 4808 aliquando
867 4731 930 4783 sua
951 4707 1043 4784 mole
1061 4730 1184 4782 omnes
1206 4695 1308 4783 verae
1328 4708 1533 4786 eruditionis
1551 4711 1693 4811 spiritus
1718 4709 1789 4786 sui·

270 4821 383 4904 rorare
405 4827 570 4905 minetur.
