4912 6214
647 605 905 678 esconium
928 591 1443 692 monnumu'nummnn.
1744 613 1809 684 uc

697 891 762 966 AB
787 893 977 968 ORDINE
1001 892 1389 970 THEOLOGORUM.

322 1171 541 1274 loquium,
567 1177 687 1248 utrum
708 1197 768 1263 ec,
793 1199 883 1274 quse
906 1175 1034 1252 Christi
1057 1174 1151 1252 dicte
1170 1173 1262 1250 inter
1284 1181 1320 1250 et
1345 1139 1445 1253 ducto⁸
1460 1175 1661 1270 intercedit,
1683 1203 1800 1257 ncces·

280 1293 397 1370 situdo
424 1291 597 1368 eiusmodi
631 1293 676 1368 sit
709 1291 889 1383 habende,
915 1301 976 1383 ut,
1001 1291 1101 1368 iactis
1125 1291 1332 1368 indubium
1356 1295 1539 1386 revocetis,
1565 1296 1735 1375 dictorum
1756 1299 1800 1376 do

278 1412 389 1513 pretio
412 1410 545 1512 uliquid
568 1410 770 1512 derogetur,
794 1436 858 1487 nec
880 1414 951 1488 ne?

323 1766 652 1860 Commentationes,
676 1768 784 1844 latino
810 1771 963 1846 cretione
991 1769 1278 1859 conscribendae,
1303 1769 1372 1845 nisi
1395 1769 1522 1846 diserte
1544 1773 1649 1872 potrii
1671 1797 1798 1848 sermo·

270 1886 327 1988 nis
355 1885 487 1962 mentio
518 1885 609 1964 fecte
629 1894 702 1979 est,
727 1895 763 1964 et
786 1887 899 1964 eliens
922 1911 1030 1964 mcuu
1053 1886 1318 1976 describendae,
1342 1893 1424 1962 oute
1450 1888 1544 1966 diem
1565 1912 1591 1966 x
1619 1915 1666 1968 m.
1691 1893 1798 1968 Ienu·

268 2004 333 2079 orii
367 2029 398 2080 c.
435 2029 676 2082 cuouocconxu
712 2009 896 2084 mittuntor
929 2007 976 2083 cd
1015 2006 1140 2082 Virum
1174 2005 1413 2082 Clarissimum
1447 2031 1474 2083 1.
1507 2033 1540 2085 s.
1574 2031 1702 2100 unum,
1735 2011 1797 2110 qui

269 2123 419 2199 Senatus
441 2124 643 2203 Academici
667 2135 745 2204 octo
767 2126 912 2204 curabit.
967 2126 1131 2226 Singulae
1154 2125 1319 2200 lemmate
1344 2125 1578 2204 inecnibuntor
1598 2127 1795 2229 adiungun-

269 2249 393 2342 torque
430 2243 614 2322 schedulae
652 2247 874 2350 obsignatus,
916 2247 1123 2346 scriptorum
1160 2244 1302 2321 nomino
1338 2255 1374 2321 et
1407 2248 1631 2349 praenomine
1659 2250 1795 2352 integro

270 2363 505 2454 continentes,
528 2365 720 2466 eodemque
743 2368 906 2444 lemmate
929 2365 1142 2442 extrinsecus
1165 2364 1357 2442 distinctae.

320 2481 495 2559 Ordinum
528 2483 573 2560 de
602 2485 963 2564 Commentationibus
992 2484 1121 2562 iudicio
1150 2485 1489 2586 pronuntiabuntur,
1512 2488 1792 2589 optimorumque

272 2601 611 2680 Commentationum
636 2607 879 2708 scriptoribus,
904 2605 1145 2708 disquisitione
1168 2611 1250 2680 suto
1270 2603 1450 2699 institute,
1469 2608 1621 2708 praemis
1635 2608 1791 2686 tuibuen·

272 2727 330 2798 tun
351 2721 429 2824 ipso
452 2723 509 2802 die
532 2726 739 2807 Acedemine
761 2727 868 2807 netuli
891 2753 922 2804 e.
948 2747 1202 2805 cuomcccnxn.
