<?xml version="1.0" encoding="UTF-8"?>
<!DOCTYPE html PUBLIC "-//W3C//DTD XHTML 1.0 Transitional//EN"
    "http://www.w3.org/TR/xhtml1/DTD/xhtml1-transitional.dtd">
<html xmlns="http://www.w3.org/1999/xhtml" xml:lang="en" lang="en">
 <head>
  <title>
</title>
<meta http-equiv="Content-Type" content="text/html;charset=utf-8" />
  <meta name='ocr-system' content='tesseract 3.04.00' />
  <meta name='ocr-capabilities' content='ocr_page ocr_carea ocr_par ocr_line ocrx_word'/>
</head>
<body>
  <div class='ocr_page' id='page_1' title='image "annalesacademic03unkngoog_0034.png"; bbox 0 0 4960 6194; ppageno 0'>
   <div class='ocr_carea' id='block_1_1' title="bbox 1009 1223 1869 1343">
    <p class='ocr_par' dir='ltr' id='par_1_1' title="bbox 1009 1223 1869 1343">
     <span class='ocr_line' id='line_1_1' title="bbox 1009 1223 1869 1343; baseline 0.002 -3"><span class='ocrx_word' id='word_1_1' title='bbox 1009 1225 1168 1340; x_wconf 77' lang='lat' dir='ltr'><strong>atla</strong></span> <span class='ocrx_word' id='word_1_2' title='bbox 1195 1225 1276 1339; x_wconf 80' lang='grc' dir='ltr'><strong>ΕΤ</strong></span> <span class='ocrx_word' id='word_1_3' title='bbox 1305 1223 1501 1340; x_wconf 75' lang='lat' dir='ltr'><strong>Gustu</strong></span> <span class='ocrx_word' id='word_1_4' title='bbox 1527 1227 1596 1342; x_wconf 87' lang='lat' dir='ltr'><strong>[N</strong></span> <span class='ocrx_word' id='word_1_5' title='bbox 1626 1225 1869 1343; x_wconf 75' lang='lat' dir='ltr'><strong>stultu</strong></span> 
     </span>
    </p>
   </div>
   <div class='ocr_carea' id='block_1_2' title="bbox 916 1517 1962 1601">
    <p class='ocr_par' dir='ltr' id='par_1_2' title="bbox 916 1517 1962 1601">
     <span class='ocr_line' id='line_1_2' title="bbox 916 1517 1962 1601; baseline 0 -1"><span class='ocrx_word' id='word_1_6' title='bbox 916 1519 1284 1600; x_wconf 80' lang='lat' dir='ltr'><strong>acluulsslu</strong></span> <span class='ocrx_word' id='word_1_7' title='bbox 1322 1517 1962 1601; x_wconf 70' lang='lat' dir='ltr'><strong>theotho-ulmae,</strong></span> 
     </span>
    </p>
   </div>
   <div class='ocr_carea' id='block_1_3' title="bbox 1347 2206 1526 2281">
    <p class='ocr_par' dir='ltr' id='par_1_3' title="bbox 1347 2206 1526 2281">
     <span class='ocr_line' id='line_1_3' title="bbox 1347 2206 1526 2281; baseline 0 -1"><span class='ocrx_word' id='word_1_8' title='bbox 1347 2207 1391 2281; x_wconf 84' lang='lat' dir='ltr'><strong>A.</strong></span> <span class='ocrx_word' id='word_1_9' title='bbox 1421 2206 1526 2280; x_wconf 80' lang='lat'>1860.</span> 
     </span>
    </p>
   </div>
   <div class='ocr_carea' id='block_1_4' title="bbox 676 2440 2202 3470">
    <p class='ocr_par' dir='ltr' id='par_1_4' title="bbox 676 2440 2202 3470">
     <span class='ocr_line' id='line_1_4' title="bbox 676 2440 2199 2544; baseline -0.001 -21"><span class='ocrx_word' id='word_1_10' title='bbox 676 2445 745 2523; x_wconf 89' lang='lat' dir='ltr'><strong>Die</strong></span> <span class='ocrx_word' id='word_1_11' title='bbox 771 2447 815 2520; x_wconf 81' lang='lat'><strong>15</strong></span> <span class='ocrx_word' id='word_1_12' title='bbox 849 2467 896 2520; x_wconf 92' lang='lat' dir='ltr'><strong>m.</strong></span> <span class='ocrx_word' id='word_1_13' title='bbox 921 2443 1052 2518; x_wconf 88' lang='lat' dir='ltr'><strong>Martii.</strong></span> <span class='ocrx_word' id='word_1_14' title='bbox 1103 2440 1307 2518; x_wconf 79' lang='lat' dir='ltr'><strong>Baeitontur</strong></span> <span class='ocrx_word' id='word_1_15' title='bbox 1333 2443 1467 2519; x_wconf 78' lang='lat' dir='ltr'><strong>litterae</strong></span> <span class='ocrx_word' id='word_1_16' title='bbox 1488 2443 1718 2532; x_wconf 74' lang='lat' dir='ltr'><strong>curatorum,</strong></span> <span class='ocrx_word' id='word_1_17' title='bbox 1743 2441 1874 2544; x_wconf 90' lang='lat' dir='ltr'><strong>quibus</strong></span> <span class='ocrx_word' id='word_1_18' title='bbox 1892 2443 2061 2522; x_wconf 86' lang='lat' dir='ltr'><strong>Senatum</strong></span> <span class='ocrx_word' id='word_1_19' title='bbox 2079 2445 2199 2521; x_wconf 82' lang='lat' dir='ltr'><strong>certio-</strong></span> 
     </span>
     <span class='ocr_line' id='line_1_5' title="bbox 846 2561 2200 2663; baseline 0 -24"><span class='ocrx_word' id='word_1_20' title='bbox 846 2588 920 2639; x_wconf 89' lang='lat' dir='ltr'><strong>rem</strong></span> <span class='ocrx_word' id='word_1_21' title='bbox 941 2562 1091 2652; x_wconf 83' lang='lat' dir='ltr'><strong>iaciunt,</strong></span> <span class='ocrx_word' id='word_1_22' title='bbox 1114 2561 1206 2662; x_wconf 80' lang='lat' dir='ltr'><strong>Regi</strong></span> <span class='ocrx_word' id='word_1_23' title='bbox 1229 2564 1490 2663; x_wconf 82' lang='lat' dir='ltr'><strong>Angustissimo</strong></span> <span class='ocrx_word' id='word_1_24' title='bbox 1516 2563 1707 2663; x_wconf 77' lang='lat' dir='ltr'><strong>placuisse,</strong></span> <span class='ocrx_word' id='word_1_25' title='bbox 1733 2563 1871 2640; x_wconf 85' lang='lat' dir='ltr'><strong>decreto</strong></span> <span class='ocrx_word' id='word_1_26' title='bbox 1895 2563 2037 2639; x_wconf 78' lang='lat' dir='ltr'><strong>dieite</strong></span> <span class='ocrx_word' id='word_1_27' title='bbox 2062 2589 2109 2640; x_wconf 91' lang='lat' dir='ltr'><strong>m.</strong></span> <span class='ocrx_word' id='word_1_28' title='bbox 2134 2565 2200 2640; x_wconf 82' lang='lat' dir='ltr'><strong>ue·</strong></span> 
     </span>
     <span class='ocr_line' id='line_1_6' title="bbox 844 2681 2199 2760; baseline 0.001 -3"><span class='ocrx_word' id='word_1_29' title='bbox 844 2681 975 2758; x_wconf 90' lang='lat' dir='ltr'><strong>bruarii</strong></span> <span class='ocrx_word' id='word_1_30' title='bbox 994 2681 1027 2758; x_wconf 92' lang='lat' dir='ltr'><strong>h.</strong></span> <span class='ocrx_word' id='word_1_31' title='bbox 1042 2707 1072 2758; x_wconf 89' lang='lat' dir='ltr'><strong>a.</strong></span> <span class='ocrx_word' id='word_1_32' title='bbox 1086 2696 1135 2757; x_wconf 67' lang='lat' dir='ltr'><strong>ut</strong></span> <span class='ocrx_word' id='word_1_33' title='bbox 1149 2685 1197 2755; x_wconf 80' lang='lat'><strong>43</strong></span> <span class='ocrx_word' id='word_1_34' title='bbox 1217 2707 1331 2759; x_wconf 86' lang='lat' dir='ltr'><strong>creare</strong></span> <span class='ocrx_word' id='word_1_35' title='bbox 1352 2684 1588 2759; x_wconf 82' lang='lat' dir='ltr'><strong>Professorem</strong></span> <span class='ocrx_word' id='word_1_36' title='bbox 1608 2683 1822 2760; x_wconf 89' lang='lat' dir='ltr'><strong>ordinarium</strong></span> <span class='ocrx_word' id='word_1_37' title='bbox 1839 2683 1877 2758; x_wconf 93' lang='lat' dir='ltr'><strong>in</strong></span> <span class='ocrx_word' id='word_1_38' title='bbox 1894 2683 2074 2760; x_wconf 86' lang='lat' dir='ltr'><strong>Faoultete</strong></span> <span class='ocrx_word' id='word_1_39' title='bbox 2089 2684 2199 2758; x_wconf 84' lang='lat' dir='ltr'><strong>Theo·</strong></span> 
     </span>
     <span class='ocr_line' id='line_1_7' title="bbox 841 2801 2202 2902; baseline -0.001 -24"><span class='ocrx_word' id='word_1_40' title='bbox 841 2801 953 2902; x_wconf 77' lang='lat' dir='ltr'><strong>logica</strong></span> <span class='ocrx_word' id='word_1_41' title='bbox 979 2802 1090 2876; x_wconf 60' lang='lat' dir='ltr'><strong>mum</strong></span> <span class='ocrx_word' id='word_1_42' title='bbox 1122 2801 1349 2875; x_wconf 83' lang='lat' dir='ltr'><strong>clarissimum</strong></span> <span class='ocrx_word' id='word_1_43' title='bbox 1378 2825 1613 2875; x_wconf 80' lang='lat' dir='ltr'><strong>oururaurrurr</strong></span> <span class='ocrx_word' id='word_1_44' title='bbox 1638 2824 1739 2872; x_wconf 80' lang='lat' dir='ltr'><strong>rroar.</strong></span> <span class='ocrx_word' id='word_1_45' title='bbox 1750 2851 1761 2887; x_wconf 79' lang='lat'>,</span> <span class='ocrx_word' id='word_1_46' title='bbox 1790 2803 1998 2898; x_wconf 69' lang='lat' dir='ltr'><strong>{theologiae</strong></span> <span class='ocrx_word' id='word_1_47' title='bbox 2017 2803 2202 2877; x_wconf 83' lang='lat' dir='ltr'><strong>Ductorem</strong></span> 
     </span>
     <span class='ocr_line' id='line_1_8' title="bbox 841 2911 2201 3006; baseline 0.001 -12"><span class='ocrx_word' id='word_1_48' title='bbox 841 2929 877 2994; x_wconf 91' lang='lat' dir='ltr'><strong>et</strong></span> <span class='ocrx_word' id='word_1_49' title='bbox 894 2919 1127 2994; x_wconf 81' lang='lat' dir='ltr'><strong>Professorem</strong></span> <span class='ocrx_word' id='word_1_50' title='bbox 1139 2918 1177 2991; x_wconf 91' lang='lat' dir='ltr'><strong>iu</strong></span> <span class='ocrx_word' id='word_1_51' title='bbox 1192 2917 1374 2991; x_wconf 75' lang='lat' dir='ltr'>Athenaeo</span> <span class='ocrx_word' id='word_1_52' title='bbox 1392 2916 1525 2990; x_wconf 83' lang='lat' dir='ltr'><strong>illustri</strong></span> <span class='ocrx_word' id='word_1_53' title='bbox 1543 2916 1894 3006; x_wconf 87' lang='lat' dir='ltr'><strong>Amateloedamensi‚</strong></span> <span class='ocrx_word' id='word_1_54' title='bbox 1911 2927 1947 2993; x_wconf 89' lang='lat' dir='ltr'><strong>et</strong></span> <span class='ocrx_word' id='word_1_55' title='bbox 1968 2911 2201 2996; x_wconf 82' lang='lat' dir='ltr'><strong>Professorem</strong></span> 
     </span>
     <span class='ocr_line' id='line_1_9' title="bbox 844 3032 2199 3132; baseline 0.002 -20"><span class='ocrx_word' id='word_1_56' title='bbox 844 3035 1057 3112; x_wconf 89' lang='lat' dir='ltr'><strong>ordinarium</strong></span> <span class='ocrx_word' id='word_1_57' title='bbox 1078 3035 1116 3109; x_wconf 92' lang='lat' dir='ltr'><strong>in</strong></span> <span class='ocrx_word' id='word_1_58' title='bbox 1135 3035 1314 3110; x_wconf 78' lang='lat' dir='ltr'><strong>Facultate</strong></span> <span class='ocrx_word' id='word_1_59' title='bbox 1334 3033 1576 3132; x_wconf 81' lang='lat' dir='ltr'><strong>Philosophiae</strong></span> <span class='ocrx_word' id='word_1_60' title='bbox 1600 3032 1821 3108; x_wconf 79' lang='lat' dir='ltr'><strong>Theoretieae</strong></span> <span class='ocrx_word' id='word_1_61' title='bbox 1840 3041 1876 3109; x_wconf 92' lang='lat' dir='ltr'><strong>et</strong></span> <span class='ocrx_word' id='word_1_62' title='bbox 1896 3035 2107 3112; x_wconf 86' lang='lat' dir='ltr'><strong>litterarum</strong></span> <span class='ocrx_word' id='word_1_63' title='bbox 2119 3037 2199 3115; x_wconf 91' lang='lat' dir='ltr'><strong>Hu·</strong></span> 
     </span>
     <span class='ocr_line' id='line_1_10' title="bbox 843 3153 2199 3255; baseline 0.001 -25"><span class='ocrx_word' id='word_1_64' title='bbox 843 3155 1038 3230; x_wconf 84' lang='lat' dir='ltr'><strong>munierum</strong></span> <span class='ocrx_word' id='word_1_65' title='bbox 1089 3155 1201 3230; x_wconf 85' lang='lat' dir='ltr'><strong>virum</strong></span> <span class='ocrx_word' id='word_1_66' title='bbox 1253 3153 1492 3228; x_wconf 85' lang='lat' dir='ltr'><strong>doctissimum</strong></span> <span class='ocrx_word' id='word_1_67' title='bbox 1532 3175 1732 3227; x_wconf 81' lang='lat' dir='ltr'><strong>aoaaarurr</strong></span> <span class='ocrx_word' id='word_1_68' title='bbox 1779 3175 1912 3244; x_wconf 79' lang='lat' dir='ltr'><strong>roura,</strong></span> <span class='ocrx_word' id='word_1_69' title='bbox 1956 3155 2199 3255; x_wconf 83' lang='lat' dir='ltr'><strong>Philosophiae</strong></span> 
     </span>
     <span class='ocr_line' id='line_1_11' title="bbox 844 3264 2198 3377; baseline 0.003 -28"><span class='ocrx_word' id='word_1_70' title='bbox 844 3273 1065 3349; x_wconf 71' lang='lat' dir='ltr'><strong>¹l&#39;heoretieae</strong></span> <span class='ocrx_word' id='word_1_71' title='bbox 1078 3274 1312 3374; x_wconf 85' lang='lat' dir='ltr'><strong>Magistrum,</strong></span> <span class='ocrx_word' id='word_1_72' title='bbox 1325 3264 1535 3348; x_wconf 85' lang='lat' dir='ltr'><strong>Litterarum</strong></span> <span class='ocrx_word' id='word_1_73' title='bbox 1547 3273 1805 3350; x_wconf 90' lang='lat' dir='ltr'><strong>Humaniorum</strong></span> <span class='ocrx_word' id='word_1_74' title='bbox 1819 3275 2024 3366; x_wconf 86' lang='lat' dir='ltr'><strong>Doatorem,</strong></span> <span class='ocrx_word' id='word_1_75' title='bbox 2036 3275 2073 3352; x_wconf 91' lang='lat' dir='ltr'><strong>in</strong></span> <span class='ocrx_word' id='word_1_76' title='bbox 2088 3281 2198 3377; x_wconf 80' lang='lat' dir='ltr'><strong>Gym-</strong></span> 
     </span>
     <span class='ocr_line' id='line_1_12' title="bbox 843 3393 1394 3470; baseline 0 -2"><span class='ocrx_word' id='word_1_77' title='bbox 843 3393 940 3469; x_wconf 87' lang='lat' dir='ltr'><strong>nosio</strong></span> <span class='ocrx_word' id='word_1_78' title='bbox 963 3393 1126 3470; x_wconf 80' lang='lat' dir='ltr'><strong>leidensi</strong></span> <span class='ocrx_word' id='word_1_79' title='bbox 1149 3395 1394 3469; x_wconf 80' lang='lat' dir='ltr'><strong>Protectorem.</strong></span> 
     </span>
    </p>
   </div>
   <div class='ocr_carea' id='block_1_5' title="bbox 675 3628 2197 4330">
    <p class='ocr_par' dir='ltr' id='par_1_5' title="bbox 675 3628 2197 4089">
     <span class='ocr_line' id='line_1_13' title="bbox 675 3628 2195 3710; baseline -0.001 -2"><span class='ocrx_word' id='word_1_80' title='bbox 675 3633 743 3710; x_wconf 91' lang='lat' dir='ltr'><strong>Die</strong></span> <span class='ocrx_word' id='word_1_81' title='bbox 794 3637 890 3707; x_wconf 89' lang='lat' dir='ltr'><strong>lm.</strong></span> <span class='ocrx_word' id='word_1_82' title='bbox 923 3631 1028 3706; x_wconf 93' lang='lat' dir='ltr'><strong>Iunii.</strong></span> <span class='ocrx_word' id='word_1_83' title='bbox 1086 3629 1292 3706; x_wconf 81' lang='lat' dir='ltr'><strong>Recitantur</strong></span> <span class='ocrx_word' id='word_1_84' title='bbox 1326 3629 1459 3706; x_wconf 85' lang='lat' dir='ltr'><strong>litterae</strong></span> <span class='ocrx_word' id='word_1_85' title='bbox 1492 3629 1702 3704; x_wconf 82' lang='lat' dir='ltr'><strong>Curatorum</strong></span> <span class='ocrx_word' id='word_1_86' title='bbox 1741 3628 1909 3706; x_wconf 85' lang='lat' dir='ltr'><strong>Senatum</strong></span> <span class='ocrx_word' id='word_1_87' title='bbox 1938 3629 2118 3708; x_wconf 89' lang='lat' dir='ltr'><strong>eertiorem</strong></span> <span class='ocrx_word' id='word_1_88' title='bbox 2145 3631 2195 3708; x_wconf 84' lang='lat' dir='ltr'><strong>fa·</strong></span> 
     </span>
     <span class='ocr_line' id='line_1_14' title="bbox 845 3747 2197 3838; baseline -0.001 -10"><span class='ocrx_word' id='word_1_89' title='bbox 845 3751 1029 3838; x_wconf 69' lang='lat' dir='ltr'><strong>mentium,</strong></span> <span class='ocrx_word' id='word_1_90' title='bbox 1056 3747 1168 3824; x_wconf 89' lang='lat' dir='ltr'><strong>virum</strong></span> <span class='ocrx_word' id='word_1_91' title='bbox 1196 3750 1435 3825; x_wconf 86' lang='lat' dir='ltr'><strong>doctissimum</strong></span> <span class='ocrx_word' id='word_1_92' title='bbox 1458 3774 1493 3826; x_wconf 87' lang='lat' dir='ltr'><strong>a.</strong></span> <span class='ocrx_word' id='word_1_93' title='bbox 1521 3771 1633 3826; x_wconf 80' lang='lat' dir='ltr'><strong>raum</strong></span> <span class='ocrx_word' id='word_1_94' title='bbox 1652 3773 1783 3826; x_wconf 87' lang='lat' dir='ltr'><strong>munus</strong></span> <span class='ocrx_word' id='word_1_95' title='bbox 1800 3748 2007 3826; x_wconf 83' lang='lat' dir='ltr'><strong>Pmiessoris</strong></span> <span class='ocrx_word' id='word_1_96' title='bbox 2032 3750 2197 3826; x_wconf 89' lang='lat' dir='ltr'><strong>ordinarii</strong></span> 
     </span>
     <span class='ocr_line' id='line_1_15' title="bbox 844 3868 2196 3970; baseline -0.001 -24"><span class='ocrx_word' id='word_1_97' title='bbox 844 3871 881 3946; x_wconf 91' lang='lat' dir='ltr'><strong>in</strong></span> <span class='ocrx_word' id='word_1_98' title='bbox 903 3895 940 3944; x_wconf 88' lang='lat' dir='ltr'><strong>se</strong></span> <span class='ocrx_word' id='word_1_99' title='bbox 960 3868 1114 3944; x_wconf 87' lang='lat' dir='ltr'><strong>delatum</strong></span> <span class='ocrx_word' id='word_1_100' title='bbox 1137 3870 1327 3970; x_wconf 82' lang='lat' dir='ltr'><strong>accepisse,</strong></span> <span class='ocrx_word' id='word_1_101' title='bbox 1353 3871 1465 3946; x_wconf 83' lang='lat' dir='ltr'><strong>virum</strong></span> <span class='ocrx_word' id='word_1_102' title='bbox 1490 3876 1607 3948; x_wconf 84' lang='lat' dir='ltr'><strong>autem</strong></span> <span class='ocrx_word' id='word_1_103' title='bbox 1629 3869 1857 3946; x_wconf 80' lang='lat' dir='ltr'><strong>chriasimum</strong></span> <span class='ocrx_word' id='word_1_104' title='bbox 1871 3894 1905 3947; x_wconf 84' lang='lat' dir='ltr'><strong>a.</strong></span> <span class='ocrx_word' id='word_1_105' title='bbox 1918 3871 2196 3948; x_wconf 81' lang='lat' dir='ltr'><strong>uoaaroeationi</strong></span> 
     </span>
     <span class='ocr_line' id='line_1_16' title="bbox 844 3988 1236 4089; baseline 0.003 -25"><span class='ocrx_word' id='word_1_106' title='bbox 844 4015 915 4066; x_wconf 89' lang='lat' dir='ltr'><strong>uon</strong></span> <span class='ocrx_word' id='word_1_107' title='bbox 937 3988 1236 4089; x_wconf 86' lang='lat' dir='ltr'><strong>obtemperavisse.</strong></span> 
     </span>
    </p>

    <p class='ocr_par' dir='ltr' id='par_1_6' title="bbox 698 4108 2195 4330">
     <span class='ocr_line' id='line_1_17' title="bbox 894 4108 2195 4211; baseline 0.002 -27"><span class='ocrx_word' id='word_1_108' title='bbox 894 4109 1029 4184; x_wconf 84' lang='lat' dir='ltr'><strong>Eodem</strong></span> <span class='ocrx_word' id='word_1_109' title='bbox 1066 4109 1123 4184; x_wconf 89' lang='lat' dir='ltr'><strong>die</strong></span> <span class='ocrx_word' id='word_1_110' title='bbox 1152 4109 1204 4184; x_wconf 88' lang='lat' dir='ltr'><strong>vir</strong></span> <span class='ocrx_word' id='word_1_111' title='bbox 1235 4108 1328 4184; x_wconf 88' lang='lat' dir='ltr'><strong>doct.</strong></span> <span class='ocrx_word' id='word_1_112' title='bbox 1364 4133 1399 4186; x_wconf 86' lang='lat' dir='ltr'><strong>a.</strong></span> <span class='ocrx_word' id='word_1_113' title='bbox 1431 4132 1542 4186; x_wconf 81' lang='lat' dir='ltr'><strong>raum</strong></span> <span class='ocrx_word' id='word_1_114' title='bbox 1574 4133 1704 4186; x_wconf 88' lang='lat' dir='ltr'><strong>munus</strong></span> <span class='ocrx_word' id='word_1_115' title='bbox 1739 4109 1939 4211; x_wconf 86' lang='lat' dir='ltr'><strong>auspioatus</strong></span> <span class='ocrx_word' id='word_1_116' title='bbox 1969 4117 2042 4199; x_wconf 88' lang='lat' dir='ltr'><strong>est,</strong></span> <span class='ocrx_word' id='word_1_117' title='bbox 2075 4108 2195 4186; x_wconf 89' lang='lat' dir='ltr'><strong>habita</strong></span> 
     </span>
     <span class='ocr_line' id='line_1_18' title="bbox 698 4229 2037 4330; baseline 0.005 -29"><span class='ocrx_word' id='word_1_118' title='bbox 698 4291 703 4301; x_wconf 85' lang='lat'><strong>.</strong></span> <span class='ocrx_word' id='word_1_119' title='bbox 846 4229 1022 4308; x_wconf 69' lang='lat' dir='ltr'><strong>oratione,</strong></span> <span class='ocrx_word' id='word_1_120' title='bbox 1042 4255 1121 4306; x_wconf 83' lang='lat' dir='ltr'><strong>over</strong></span> <span class='ocrx_word' id='word_1_121' title='bbox 1144 4231 1187 4304; x_wconf 86' lang='lat' dir='ltr'><strong>de</strong></span> <span class='ocrx_word' id='word_1_122' title='bbox 1210 4230 1501 4330; x_wconf 65' lang='lat' dir='ltr'><strong>oaparta&#39;jdapteid</strong></span> <span class='ocrx_word' id='word_1_123' title='bbox 1519 4255 1586 4306; x_wconf 82' lang='lat' dir='ltr'><strong>aaa</strong></span> <span class='ocrx_word' id='word_1_124' title='bbox 1609 4232 1674 4305; x_wconf 81' lang='lat' dir='ltr'><strong>dea</strong></span> <span class='ocrx_word' id='word_1_125' title='bbox 1701 4231 2037 4328; x_wconf 79' lang='lat' dir='ltr'><strong>Geaohiedaetra&#39;jeer.</strong></span> 
     </span>
    </p>
   </div>
   <div class='ocr_carea' id='block_1_6' title="bbox 679 4463 2196 4930">
    <p class='ocr_par' dir='ltr' id='par_1_7' title="bbox 679 4463 2196 4930">
     <span class='ocr_line' id='line_1_19' title="bbox 679 4463 2193 4570; baseline -0.005 -24"><span class='ocrx_word' id='word_1_126' title='bbox 679 4467 747 4546; x_wconf 91' lang='lat' dir='ltr'><strong>Die</strong></span> <span class='ocrx_word' id='word_1_127' title='bbox 771 4471 816 4544; x_wconf 77' lang='lat'><strong>21</strong></span> <span class='ocrx_word' id='word_1_128' title='bbox 845 4492 893 4545; x_wconf 89' lang='lat' dir='ltr'><strong>m.</strong></span> <span class='ocrx_word' id='word_1_129' title='bbox 926 4468 1152 4568; x_wconf 83' lang='lat' dir='ltr'><strong>Septembris.</strong></span> <span class='ocrx_word' id='word_1_130' title='bbox 1201 4468 1407 4544; x_wconf 87' lang='lat' dir='ltr'><strong>Reoitontur</strong></span> <span class='ocrx_word' id='word_1_131' title='bbox 1428 4467 1561 4544; x_wconf 87' lang='lat' dir='ltr'><strong>litterae</strong></span> <span class='ocrx_word' id='word_1_132' title='bbox 1576 4467 1806 4560; x_wconf 82' lang='lat' dir='ltr'><strong>Ouratomm,</strong></span> <span class='ocrx_word' id='word_1_133' title='bbox 1827 4467 1959 4570; x_wconf 89' lang='lat' dir='ltr'><strong>quibus</strong></span> <span class='ocrx_word' id='word_1_134' title='bbox 1979 4464 2125 4543; x_wconf 86' lang='lat' dir='ltr'><strong>Senatui</strong></span> <span class='ocrx_word' id='word_1_135' title='bbox 2148 4463 2193 4539; x_wconf 87' lang='lat' dir='ltr'><strong>ai·</strong></span> 
     </span>
     <span class='ocr_line' id='line_1_20' title="bbox 849 4585 2194 4689; baseline -0.001 -28"><span class='ocrx_word' id='word_1_136' title='bbox 849 4587 1016 4688; x_wconf 82' lang='lat' dir='ltr'><strong>gnifieaut</strong></span> <span class='ocrx_word' id='word_1_137' title='bbox 1038 4613 1081 4663; x_wconf 86' lang='lat' dir='ltr'><strong>ex</strong></span> <span class='ocrx_word' id='word_1_138' title='bbox 1104 4589 1215 4688; x_wconf 77' lang='lat' dir='ltr'><strong>Regis</strong></span> <span class='ocrx_word' id='word_1_139' title='bbox 1229 4587 1480 4689; x_wconf 83' lang='lat' dir='ltr'><strong>Augustissimi</strong></span> <span class='ocrx_word' id='word_1_140' title='bbox 1503 4589 1641 4665; x_wconf 88' lang='lat' dir='ltr'><strong>deereto</strong></span> <span class='ocrx_word' id='word_1_141' title='bbox 1661 4588 1731 4664; x_wconf 89' lang='lat' dir='ltr'><strong>diei</strong></span> <span class='ocrx_word' id='word_1_142' title='bbox 1756 4591 1802 4664; x_wconf 90' lang='grc'><strong>16</strong></span> <span class='ocrx_word' id='word_1_143' title='bbox 1828 4587 1923 4664; x_wconf 90' lang='lat' dir='ltr'><strong>Iunii</strong></span> <span class='ocrx_word' id='word_1_144' title='bbox 1945 4606 1993 4664; x_wconf 84' lang='lat' dir='ltr'><strong>n⁰.</strong></span> <span class='ocrx_word' id='word_1_145' title='bbox 2013 4589 2059 4662; x_wconf 87' lang='lat'><strong>61</strong></span> <span class='ocrx_word' id='word_1_146' title='bbox 2081 4585 2194 4660; x_wconf 79' lang='lat' dir='ltr'><strong>rhum</strong></span> 
     </span>
     <span class='ocr_line' id='line_1_21' title="bbox 849 4704 2196 4810; baseline -0.004 -27"><span class='ocrx_word' id='word_1_147' title='bbox 849 4705 1076 4783; x_wconf 83' lang='lat' dir='ltr'><strong>clarissimum</strong></span> <span class='ocrx_word' id='word_1_148' title='bbox 1104 4732 1129 4783; x_wconf 92' lang='lat'><strong>1.</strong></span> <span class='ocrx_word' id='word_1_149' title='bbox 1159 4730 1232 4783; x_wconf 81' lang='lat' dir='ltr'><strong>vau</strong></span> <span class='ocrx_word' id='word_1_150' title='bbox 1258 4731 1332 4782; x_wconf 84' lang='lat' dir='ltr'><strong>aaa</strong></span> <span class='ocrx_word' id='word_1_151' title='bbox 1358 4731 1503 4784; x_wconf 77' lang='lat' dir='ltr'><strong>uoavurr</strong></span> <span class='ocrx_word' id='word_1_152' title='bbox 1533 4708 1624 4784; x_wconf 92' lang='lat' dir='ltr'><strong>ultro</strong></span> <span class='ocrx_word' id='word_1_153' title='bbox 1652 4716 1829 4810; x_wconf 88' lang='lat' dir='ltr'><strong>petentem</strong></span> <span class='ocrx_word' id='word_1_154' title='bbox 1852 4704 2196 4782; x_wconf 74' lang='lat' dir='ltr'><strong>honorificentissime</strong></span> 
     </span>
     <span class='ocr_line' id='line_1_22' title="bbox 849 4821 2194 4930; baseline -0.002 -28"><span class='ocrx_word' id='word_1_155' title='bbox 849 4834 1025 4902; x_wconf 82' lang='lat' dir='ltr'><strong>exemtum</strong></span> <span class='ocrx_word' id='word_1_156' title='bbox 1051 4851 1126 4904; x_wconf 84' lang='lat' dir='ltr'><strong>ease</strong></span> <span class='ocrx_word' id='word_1_157' title='bbox 1152 4828 1196 4904; x_wconf 89' lang='lat' dir='ltr'><strong>de</strong></span> <span class='ocrx_word' id='word_1_158' title='bbox 1216 4852 1360 4904; x_wconf 88' lang='lat' dir='ltr'><strong>munere</strong></span> <span class='ocrx_word' id='word_1_159' title='bbox 1380 4827 1543 4930; x_wconf 82' lang='lat' dir='ltr'><strong>praelecti</strong></span> <span class='ocrx_word' id='word_1_160' title='bbox 1561 4827 1666 4929; x_wconf 88' lang='lat' dir='ltr'><strong>primi</strong></span> <span class='ocrx_word' id='word_1_161' title='bbox 1677 4828 1803 4904; x_wconf 87' lang='lat' dir='ltr'><strong>Museo</strong></span> <span class='ocrx_word' id='word_1_162' title='bbox 1817 4825 1993 4904; x_wconf 88' lang='lat' dir='ltr'><strong>Historiae</strong></span> <span class='ocrx_word' id='word_1_163' title='bbox 2004 4821 2194 4901; x_wconf 87' lang='lat' dir='ltr'><strong>Naturalia.</strong></span> 
     </span>
    </p>
   </div>
   <div class='ocr_carea' id='block_1_7' title="bbox 0 0 2484 6194">
    <p class='ocr_par' dir='ltr' id='par_1_8' title="bbox 0 0 2484 6194">
     <span class='ocr_line' id='line_1_23' title="bbox 0 0 2484 6194; baseline 0 6"><span class='ocrx_word' id='word_1_164' title='bbox 0 0 2484 6194; x_wconf 95' lang='lat' dir='ltr'><strong> </strong></span> 
     </span>
    </p>
   </div>
   <div class='ocr_carea' id='block_1_8' title="bbox 2476 3066 2483 4044">
    <p class='ocr_par' dir='ltr' id='par_1_9' title="bbox 2476 3066 2483 4044">
     <span class='ocr_line' id='line_1_24' title="bbox 2476 3066 2483 4044; baseline 0 0"><span class='ocrx_word' id='word_1_165' title='bbox 2476 3066 2483 4044; x_wconf 95' lang='lat' dir='ltr'><strong> </strong></span> 
     </span>
    </p>
   </div>
  </div>
 </body>
</html>
