4960 6194
910 691 1189 762 ORATIO.
1772 696 1813 764 lt

335 903 488 1004 Principi
518 901 666 991 eximio,
700 900 743 975 de
772 900 873 975 cuius
894 899 1059 976 laudibus
1084 901 1180 976 nulla
1203 908 1297 976 aetas
1321 900 1543 993 conticescet,
1568 902 1812 982 Universitstis

285 1024 462 1126 placuerat
480 1021 712 1134 constitutio,
744 1043 852 1119 qnam
882 1019 1028 1096 mixtam
1059 1019 1135 1095 iure
1166 1020 1290 1095 merito
1310 1020 1437 1096 dixeris
1462 1030 1499 1098 ct
1523 1047 1601 1098 vere
1621 1023 1809 1104 liberalem.

284 1144 519 1221 Paucissimae
554 1143 700 1241 scriptae
730 1141 844 1239 leges:
878 1139 1027 1239 plurima
1063 1140 1212 1214 Senatus
1244 1140 1444 1216 Academici
1477 1141 1683 1240 prudentiae
1714 1167 1808 1220 oom-

284 1263 402 1339 missa.
462 1263 671 1337 Curatorum
717 1258 912 1358 Collegium
956 1259 1205 1347 constitutum,
1254 1285 1404 1358 quornm
1442 1261 1645 1336 auctoritate
1681 1263 1735 1337 vel
1769 1263 1807 1340 in

284 1383 438 1458 marimo
458 1407 574 1456 rerum
595 1377 794 1454 discrimine
814 1375 1056 1450 Universitotis
1076 1376 1151 1456 iura
1171 1377 1428 1454 custodirentur
1451 1379 1595 1479 eiusque
1623 1382 1805 1458 commoda

285 1503 449 1578 adversus
471 1522 728 1599 quoscumque,
752 1521 822 1571 non
852 1496 1007 1596 singulos
1034 1503 1172 1571 tantum
1192 1496 1400 1597 professores
1426 1497 1659 1588 studiososve,
1685 1524 1804 1575 verum

285 1629 321 1696 et
349 1621 515 1696 adversus
548 1619 665 1718 ipsum
698 1619 885 1693 Summum
921 1619 1155 1718 Imperantem
1183 1617 1376 1716 promoveri
1397 1626 1538 1717 possent
1561 1644 1601 1694 ac
1627 1619 1804 1698 vindicari.

284 1739 486 1840 Cogitatum
517 1738 660 1838 quidem
691 1737 760 1812 fuit
790 1737 975 1837 aliquando
1003 1737 1047 1812 de
1078 1737 1290 1812 Cancellario
1313 1736 1522 1812 Academiae
1543 1739 1803 1836 praeponendo:

281 1859 389 1960 legati
411 1859 559 1932 Senatus
590 1857 730 1932 nomine
753 1855 799 1932 ad
820 1873 1110 1933 sarracenorum
1135 1857 1251 1946 missi,
1276 1856 1376 1932 enias
1401 1881 1539 1932 summo
1564 1864 1649 1932 tune
1671 1865 1804 1958 tempo·

281 1977 329 2054 ris
353 1977 489 2053 valebat
512 1985 684 2079 potestas:
710 1975 767 2052 hic
790 1977 1060 2076 prudentissime
1083 1977 1233 2077 amplius
1257 1975 1503 2077 pronuntiavit.

329 2097 517 2172 Libertatis
554 2095 783 2172 Academicae
818 2095 944 2170 sinder
976 2096 1182 2196 praecipuus
1213 2097 1341 2172 Rector
1373 2095 1594 2196 Magnificus.
1653 2093 1802 2170 Statutis

281 2225 424 2293 cautum
461 2217 546 2306 luit,
582 2224 622 2291 at
650 2216 800 2290 Senatus
831 2215 995 2314 suffragio
1027 2216 1064 2290 in
1090 2216 1247 2291 Rectoris
1275 2240 1405 2291 munus
1430 2213 1606 2290 duumviri
1629 2211 1804 2314 designari

279 2345 441 2436 possent,
466 2337 528 2436 qni
551 2335 776 2411 Teutonicum
800 2334 963 2410 callerent
984 2336 1159 2435 lingnam,
1184 2335 1340 2412 hisvero
1361 2360 1496 2435 semper
1521 2334 1706 2410 adderetur
1726 2334 1801 2424 ille,

280 2456 441 2556 quitum
468 2455 633 2556 temporis
658 2456 841 2530 Rectorem
865 2462 993 2554 ageret.

335 2577 403 2656 Qut
431 2577 667 2662 Teutonicum,
693 2574 785 2660 dixi,
810 2575 975 2647 callerent
1000 2574 1173 2670 linguam!
1223 2573 1533 2661 animadvertatis,
1560 2595 1710 2671 quaeso,
1729 2594 1803 2644 ver·

280 2692 406 2768 borum
433 2693 525 2781 vim,
559 2716 648 2790 quae
679 2690 851 2764 maiorum
880 2689 917 2762 in
943 2689 1124 2764 condenda
1146 2688 1210 2764 hac
1234 2699 1352 2766 nostra
1373 2691 1604 2766 Universitate
1623 2689 1806 2790 ingenium

282 2813 420 2910 egregie
456 2809 641 2882 declarant.
699 2809 780 2880 Non
810 2797 1035 2880 domesticam
1064 2807 1247 2884 voluerunt
1278 2810 1450 2898 scholam,
1484 2810 1689 2884 nostratium
1725 2808 1807 2882 usui

278 2927 591 3015 accommodatam,
628 2923 689 2998 aad
714 2923 941 2999 Academiam
963 2925 1202 3024 Europaeam,
1227 2927 1274 3001 ad
1302 2951 1407 3026 qnam
1431 2928 1621 3002 ornandam
1645 2951 1805 3002 vocaren-

278 3055 338 3124 tur
368 3046 498 3122 summi
531 3043 614 3134 viri,
647 3043 710 3117 nbi
739 3043 869 3118 erudiri
901 3053 1042 3144 possent
1071 3046 1229 3145 generosi
1257 3045 1419 3137 iuvenes,
1456 3071 1500 3122 cx
1524 3045 1804 3146 quibuscumque

278 3167 371 3246 orbis
401 3176 569 3241 terrarum
600 3163 760 3264 partibus
789 3163 827 3238 in
856 3164 1067 3239 Batavorum
1090 3190 1168 3240 oras
1193 3166 1355 3243 advenae.
1407 3165 1520 3241 Simul
1540 3175 1658 3240 autem
1686 3164 1804 3240 eristi·

276 3294 434 3377 manunt,
455 3283 701 3359 Universitatis
719 3283 924 3372 Rectorem,
944 3287 999 3358 uti
1015 3309 1147 3360 morem
1165 3285 1336 3386 regionis,
1356 3286 1407 3362 ita
1423 3295 1459 3362 et
1468 3286 1595 3360 civium
1609 3309 1804 3362 sermonem

276 3406 477 3507 cognovisse
502 3413 676 3504 oportere:
713 3427 772 3477 eos
802 3402 945 3478 demum
979 3403 1024 3478 ad
1062 3405 1303 3504 magistratum
1326 3407 1519 3506 gerendum
1542 3405 1685 3480 idoneos
1712 3404 1803 3496 lore,

277 3526 340 3628 qui
365 3532 427 3600 aut
456 3525 639 3625 populares
669 3531 785 3602 essent
821 3531 883 3600 aut
910 3522 1125 3623 probabilem
1152 3549 1232 3599 cum
1263 3526 1492 3600 Neerlandico
1522 3526 1687 3599 idiomata
1717 3547 1801 3600 coa-

276 3645 463 3722 traxissent
494 3641 772 3719 iamilisritatem.
831 3645 918 3718 Mox
947 3669 1026 3718 vero
1054 3644 1298 3719 intellexerunt
1322 3654 1511 3732 nostrates,
1536 3644 1601 3718 hac
1629 3643 1705 3742 lege
1729 3667 1800 3718 non

278 3774 432 3854 exteros,
475 3762 537 3838 sod
565 3787 749 3838 commune
779 3761 912 3838 bonum
946 3762 1109 3838 iniuriam
1144 3763 1228 3863 pati.
1296 3765 1456 3839 Calendis
1485 3763 1683 3838 Februariis
1717 3761 1801 3838 anni

277 3883 487 3960 Academiae
516 3882 632 3982 quinti
659 3881 784 3956 natabs
815 3882 1005 3983 designatis
1035 3891 1132 3958 extra
1161 3883 1317 3958 ordinem
1344 3883 1500 3960 adiectus
1522 3885 1567 3960 D.
1590 3907 1799 3973 nonnanes,

279 4028 491 4105 quamquam
520 4003 583 4096 (ita
605 4002 849 4100 scriptumest
872 4001 910 4074 in
931 4000 1032 4094 actis)
1059 4025 1128 4075 non
1151 4000 1283 4101 peritus
1308 4003 1470 4104 Belgicae
1493 4003 1643 4102 lingrraa.
1692 3999 1800 4079 Quod

281 4123 439 4222 sequenti
461 4145 552 4198 anno
572 4120 695 4194 iterata
715 4119 789 4195 vice
810 4121 988 4194 decretum
1012 4127 1075 4195 est.
1125 4119 1306 4194 Nominati
1326 4145 1348 4195 a
1371 4116 1472 4192 nobis
1495 4115 1559 4208 (sic
1583 4112 1701 4188 scribit
1723 4133 1800 4184 arr·

280 4267 361 4319 anus
388 4243 528 4336 Rector)
561 4263 718 4316 oaosrns
747 4246 783 4314 et
816 4261 993 4327 scurrus,
1018 4236 1135 4312 idonei
1154 4237 1218 4311 viri
1239 4237 1285 4312 ad
1310 4237 1552 4310 Rectoratum:
1578 4228 1734 4304 adiectus
1754 4227 1799 4302 iis

280 4363 419 4438 decreto
454 4385 556 4460 super
587 4383 772 4434 numerum
804 4359 845 4432 D.
872 4380 974 4432 nnoo
1005 4379 1215 4446 nonnanes,
1249 4356 1428 4455 dignitatis
1456 4352 1532 4426 eius
1553 4350 1797 4446 doctrinaeque

278 4506 412 4558 caussa
470 4480 603 4557 Eadem
637 4481 707 4554 fere
731 4479 896 4578 leguntur
917 4477 953 4552 in
973 4477 1081 4552 literis
1101 4477 1146 4552 ad
1169 4475 1365 4575 Principem
1392 4471 1671 4549 Illustrissimum
1695 4467 1796 4544 datis.

138 4687 144 4696 ,
277 4599 498 4700 Intelligitia,
542 4599 748 4688 Auditores,
791 4597 914 4698 quanti
949 4621 1117 4698 magnum
1160 4595 1253 4670 huno
1290 4596 1418 4670 lCtum
1455 4593 1598 4668 iecerint
1633 4589 1794 4689 collegae.

277 4719 323 4796 D.
342 4743 433 4795 mv
457 4743 503 4795 m.
532 4719 694 4795 Octobris
718 4717 875 4794 oiumem
895 4717 994 4808 anni,
1014 4741 1084 4815 qno
1099 4714 1222 4790 foedus
1238 4715 1471 4791 Traiectinum
1488 4712 1647 4787 iunctum
1665 4708 1796 4796 luerat,

279 4838 386 4914 misso
413 4839 495 4914 erili
525 4838 694 4915 sermonis
723 4861 867 4939 genera,
892 4836 978 4914 actis
1000 4835 1201 4938 aptissimo,
1224 4835 1427 4914 laetabundi
1449 4832 1559 4910 codici
1585 4829 1796 4906 inscribunt:

1604 4951 1628 5024 3
