4960 6194
691 609 736 678 26
1159 607 1265 674 Aura
1288 607 1338 674 ET
1360 605 1493 675 ΜΕΤΑ
1515 608 1559 676 ΙΝ
1580 608 1751 680 suum.

689 815 759 894 Dia
798 817 821 892 8
857 839 905 892 m.
933 813 1124 892 Februarii.
1175 813 1356 892 Recitatur
1384 813 1561 890 decretum
1585 812 1740 913 Regium
1762 816 1885 894 datum
1907 813 2029 916 sylvae
2052 816 2162 892 Ducis
2180 817 2216 896 d.

861 939 911 1012 29
945 959 992 1014 nr.
1030 933 1184 1014 Ianuarii
1213 934 1248 1010 n.
1273 960 1306 1010 a
1333 947 1382 1008 n⁰.
1408 937 1481 1022 48,
1515 959 1586 1033 quo
1617 934 1655 1010 in
1691 957 1824 1014 annum
1855 937 2050 1016 lecl-ct
2082 944 2218 1014 creatu

861 1057 989 1134 Rector
1008 1054 1220 1154 Magnificus
1245 1052 1297 1128 vir
1319 1051 1530 1130 norissimus
1554 1078 1590 1132 a.
1616 1075 1777 1134 toruus.

907 1179 1109 1254 mres
1133 1172 1274 1250 Rectori
1297 1173 1488 1273 Magnifice
1512 1173 1773 1253 constituuntur
1797 1175 1861 1256 viri
1884 1175 2079 1256 chrisu'ni.

1250 1440 1283 1492 0.
1308 1437 1424 1490 PRUYS
1449 1439 1524 1492 VAN
1549 1439 1623 1492 ΜΒ
1648 1437 1809 1494 uuum.

1250 1557 1282 1610 1².
1307 1557 1341 1610 Ia.
1368 1555 1478 1608 BYKE.

1246 1677 1286 1730 Μ.
1312 1675 1361 1728 DE
1385 1677 1506 1730 vulla.

1250 1797 1280 1850 Ι.
1305 1793 1510 1850 vlssuumc.

906 2011 1034 2086 Rector
1057 2011 1269 2112 Magnificus
1294 2037 1375 2089 cum
1397 2013 1529 2086 Senatu
1551 2010 1763 2110 reliquisque
1784 2007 2041 2086 Professoribus
2062 2010 2100 2086 in
2115 2009 2214 2086 eudi-

856 2129 985 2208 terium
1014 2132 1127 2210 maius
1163 2132 1342 2212 descendit
1376 2140 1411 2208 et
1446 2133 1612 2210 adscensu
1641 2129 1804 2208 cathedra
1831 2129 2022 2206 orationem
2042 2129 2149 2206 habet
2171 2129 2215 2210 de

857 2253 1003 2330 muncia
1040 2252 1200 2331 Hectoris
1224 2253 1407 2354 Mastaura
1435 2255 1565 2352 orcyiae
1589 2253 1726 2352 eiusque
1747 2253 1887 2326 orandi
1909 2255 2044 2328 ratione
2063 2251 2214 2346 ‘diversio

858 2375 1060 2472 temporibus
1087 2401 1129 2450 cc
1159 2375 1241 2448 locis
1270 2370 1414 2452 diuersa.
1474 2371 1611 2448 Deinde
1645 2369 1810 2449 enarratis
1838 2367 1919 2448 fatis
1944 2367 2213 2448 Academiaest

856 2493 1085 2596 promulgatis
1107 2493 1283 2570 Ordinum
1306 2493 1349 2568 de
1369 2491 1557 2570 certamine
1581 2491 1746 2574 litterario
1769 2491 1834 2568 hoc
1855 2516 1947 2568 anno
1968 2487 2100 2566 indicto
2121 2490 2212 2564 iudi·

857 2611 939 2701 ciis,
972 2612 1200 2687 ornatissimis
1230 2637 1257 2687 1.
1279 2635 1314 2688 s.
1336 2635 1511 2701 xnnunn,
1549 2635 1583 2685 n.
1616 2634 1665 2684 nn
1699 2633 1845 2685 nunnus
1875 2633 1951 2685 vsu
1976 2630 2212 2699 sw1nnnnnu,

855 2755 896 2808 rr.
930 2757 1094 2808 sunnnnu
1132 2740 1168 2807 et
1198 2759 1224 2806 1.
1250 2757 1409 2807 nonusis
1442 2754 1517 2804 vau
1546 2753 1740 2804 znnnnnon
1766 2730 1921 2830 praemia
1951 2736 1987 2802 et
2015 2726 2214 2803 testimonia

721 2839 725 2846 ⁵
856 2851 1053 2926 adiudicatus
1077 2848 1232 2948 porrigit.

906 2969 994 3042 Mox
1019 2967 1231 3062 solemnibus
1253 2967 1366 3042 verbis
1388 2964 1545 3066 deposito
1564 2961 1772 3063 magistratu
1794 2987 1814 3037 e
1834 2961 1997 3038 cathedra
2017 2962 2210 3040 descendit.

905 3087 1047 3164 Novum
1083 3087 1267 3164 Rectorem
1292 3087 1522 3188 Magnificum
1545 3081 1760 3160 Professores
1785 3081 2005 3158 deduxerunt
2029 3090 2065 3157 at
2082 3083 2211 3159 officio·

856 3207 991 3287 sissima
1016 3209 1219 3286 salutarunt.
