4960 6194
683 669 725 735 12
1307 668 1334 736 l.
1369 669 1432 734 BE
1464 667 1585 735 WAL

725 877 855 952 Rector
884 877 986 952 initio
1017 873 1199 952 creabatur
1225 900 1247 950 a
1271 873 1560 950 Procuratoribus
1586 875 1736 972 quatuor
1759 873 1960 964 nationum,
1985 875 2114 952 artium
2133 902 2207 956 ma·

676 998 813 1100 gistris:
848 1007 1061 1074 caeterarum
1096 995 1299 1072 facultatum
1333 995 1442 1070 socios
1479 1018 1593 1093 neque
1619 994 1713 1093 ipsos
1740 993 1823 1094 eligi
1843 1019 1957 1094 noque
1982 1020 2045 1071 eos
2069 997 2106 1072 in
2134 998 2205 1074 sui·

676 1119 825 1219 fragium
872 1120 921 1194 ire
966 1119 1022 1193 ius
1057 1123 1141 1192 crat.
1191 1115 1317 1190 Postea
1357 1115 1520 1190 electores
1557 1113 1729 1190 nominari
1766 1114 1881 1215 coepti
1918 1123 2022 1206 sunt,
2061 1116 2207 1218 triginta

677 1263 849 1318 annorum
874 1231 1037 1313 maiores:
1063 1235 1100 1308 in
1126 1235 1273 1309 Rectore
1297 1233 1394 1309 nulla
1418 1235 1541 1310 aetatis
1566 1233 1686 1310 habito
1710 1233 1809 1310 ratio.

725 1357 922 1432 Inrisdictio
953 1356 1079 1445 civilis,
1115 1355 1160 1431 cd
1194 1355 1418 1430 Bridericiani
1447 1355 1617 1454 privilegii
1648 1379 1806 1429 normam
1843 1354 1985 1430 Bcctori
2019 1355 2202 1434 mandata:

675 1477 861 1553 criminalis
888 1477 971 1550 olim
995 1475 1191 1576 Episcopali
1213 1476 1362 1564 iudicio,
1388 1501 1467 1550 mox
1492 1476 1724 1550 Parliamento
1748 1475 1952 1550 commissa:
1979 1483 2128 1574 utraque
2151 1503 2203 1552 re·

673 1596 756 1694 gula
787 1596 882 1670 baud
914 1621 1041 1694 paucas
1071 1585 1267 1693 patiebatur
1289 1595 1518 1695 exceptiones.
1571 1594 1769 1670 Recentiori
1803 1593 1878 1669 iuro
1915 1594 2029 1670 omnis
2052 1594 2124 1670 lere
2146 1621 2202 1671 co·

674 1716 867 1815 gnoscendi
891 1716 1137 1813 iudicandique
1165 1723 1318 1814 potestas
1344 1741 1450 1814 penes
1477 1717 1681 1804 Rectorem,
1706 1739 1749 1788 ex
1770 1713 1914 1788 consilio
1937 1714 2147 1789 decanorum
2167 1723 2203 1790 et

672 1844 950 1934 procuratorum,
981 1833 1024 1907 dc
1056 1833 1295 1908 controversiis
1316 1833 1407 1908 inter
1426 1835 1722 1933 gymnasiarchas,
1747 1845 2003 1936 praeceptores,
2028 1837 2199 1937 paedago-

673 1978 737 2053 gos
767 1964 803 2028 et
831 1955 1014 2053 magistros
1039 1953 1128 2028 circa
1150 1978 1223 2026 rem
1243 1953 1481 2029 scholasticam
1499 1955 1599 2028 ortis:
1626 1955 1671 2029 ab
1695 1980 1737 2029 eo
1762 1955 2002 2056 appellabatur
2024 1955 2198 2032 Universi-

671 2081 727 2148 tas
739 2109 749 2163 ;
775 2075 819 2148 ab
844 2073 1096 2160 Universitate,
1123 2072 1203 2148 licet
1224 2075 1435 2164 reluctante,
1461 2075 1743 2151 Parliamentnm.

721 2195 772 2268 Ex
810 2195 853 2268 iis
885 2220 974 2293 quae
1007 2195 1127 2294 paucis
1155 2193 1319 2294 exposui,
1352 2193 1561 2280 Auditorcs,
1594 2193 1754 2280 abunde,
1779 2190 1817 2266 ni
1840 2190 1955 2282 fallor,
1980 2199 2124 2291 apparet
2147 2193 2199 2269 di·

670 2337 768 2390 versa
799 2316 980 2414 utriusque
1008 2314 1205 2414 systematis
1236 2314 1333 2387 ratic.
1384 2312 1598 2386 Universitas
1630 2312 1882 2400 Bononiensis,
1908 2337 1951 2386 ex
1975 2313 2108 2410 privata
2131 2314 2198 2390 cla·

668 2458 786 2508 rorum
818 2436 997 2508 doctorum
1024 2435 1204 2534 disciplina
1229 2433 1385 2520 suborta,
1412 2433 1626 2506 scholaribus
1650 2432 1805 2529 undique
1831 2431 1973 2506 advenis
1993 2431 2043 2506 ita
2070 2433 2197 2524 crevit,

669 2567 710 2628 ut
734 2556 833 2654 quasi
850 2555 884 2629 in
908 2556 1045 2630 civitate
1069 2555 1188 2628 civitas
1211 2563 1429 2641 nasceretur,
1455 2577 1545 2651 quae
1567 2538 1640 2626 suis
1661 2553 1725 2628 niti
1742 2559 1859 2651 posset
1880 2551 2029 2625 viribus:
2055 2553 2200 2628 studiosi

669 2698 751 2748 suos
786 2685 945 2748 crearunt
966 2675 1150 2761 Rectores,
1176 2698 1324 2771 quorum
1355 2671 1538 2747 arbitratui
1560 2671 1719 2771 magistri
1744 2695 1885 2770 quoque
1911 2679 2081 2770 parerent.
2131 2673 2196 2746 Pa·

665 2792 818 2868 risiensis
844 2818 943 2881 vero,
965 2793 1107 2892 publica
1129 2793 1334 2866 auctoritate
1362 2790 1528 2878 lundata,
1552 2791 1602 2865 ita
1626 2792 1841 2890 pedetentim
1868 2816 1908 2865 ac
1931 2791 2104 2888 gradatim
2129 2791 2198 2866 suit

666 2915 874 2999 constituta,
906 2923 947 2984 ut
974 2915 1143 2984 doctorum
1175 2911 1439 3000 tantummodo,
1472 2911 1719 3010 discipulorum
1752 2937 1832 2987 vero
1865 2911 1980 2999 nulla,
2010 2933 2123 3008 neque
2156 2911 2194 2985 in

667 3042 780 3106 semet
816 3031 930 3129 ipsos,
962 3039 1207 3129 agnosceretur
1228 3031 1424 3106 auctoritas.
1475 3031 1694 3105 Diversitatis
1719 3032 1848 3130 duplex
1873 3032 2047 3114 indicatur
2070 3054 2193 3106 eausa:
2220 3099 2226 3108 .

666 3151 773 3226 altera
800 3154 987 3224 ciuitatium
1017 3152 1222 3226 Italicarum
1245 3156 1435 3251 ingenium,
1456 3151 1719 3228 democraticum
1730 3152 1867 3251 imperii
1880 3151 2027 3226 formam
2042 3151 2193 3226 maxime

665 3271 816 3344 referens
839 3283 874 3345 et
896 3271 950 3370 ad·
964 3271 1188 3370 magistratus
1214 3272 1334 3372 populi
1358 3271 1522 3371 suffragio
1543 3273 1712 3348 creandos
1735 3297 1895 3372 pronum.
1936 3273 2057 3346 Altera
2080 3271 2189 3369 ipsius

664 3392 799 3465 cellolae
831 3394 978 3480 indoleo,
1011 3391 1057 3465 ad
1080 3390 1197 3468 studia
1226 3393 1317 3467 luris
1343 3392 1540 3481 Bononiae,
1567 3393 1613 3468 ad
1637 3394 1844 3492 Theologica
1863 3393 2025 3467 exercitia
2051 3391 2191 3467 Parisiis

664 3513 930 3588 accommodata.
982 3512 1118 3586 Neutra
1138 3511 1224 3586 mihi
1249 3510 1386 3610 probari
1410 3534 1510 3608 posse
1534 3511 1681 3586 videtur.
1731 3511 1910 3590 Nimirum
1937 3512 1974 3585 in
1997 3511 2082 3610 ipsis
2105 3509 2188 3584 Uni·

663 3633 864 3706 versitatum
887 3633 1086 3707 ltalicarum
1110 3631 1307 3731 primordiis
1330 3633 1503 3707 cernimus
1529 3631 1720 3706 civitatium
1741 3631 1973 3706 moderatores
1995 3629 2188 3730 praedictae

662 3750 797 3849 collegii
821 3753 1055 3825 constituendi
1071 3760 1177 3850 atque
1205 3752 1390 3826 ordinandi
1422 3751 1548 3826 rationi
1571 3777 1677 3849 quam
1708 3751 1858 3832 maxime
1886 3751 2078 3826 adversari:
2093 3749 2186 3823 inve·

661 3891 724 3942 nes
756 3871 869 3945 turbis
900 3872 1078 3964 concitatis
1109 3897 1152 3946 ex
1183 3869 1269 3945 urbe
1300 3871 1463 3945 excedere
1487 3880 1523 3945 ct
1546 3871 1631 3945 alibi
1656 3870 1831 3971 refugium
1858 3895 2041 3970 quaerere:
2069 3893 2187 3968 perpe·

661 3995 741 4064 tuas
776 3992 940 4066 audimus
968 3991 1012 4066 ab
1045 3999 1192 4088 utraque
1223 3999 1321 4089 parte
1355 3991 1530 4088 querelas,
1564 3992 1674 4067 donec
1705 4000 1784 4090 post
1817 3990 2044 4066 secessionem
2072 3985 2185 4086 pacati

660 4123 887 4188 revertantur.
943 4111 1212 4186 Universitatem
1244 4110 1385 4208 quidem
1421 4111 1598 4200 Bononia,
1631 4112 1825 4186 Bononiam
1850 4135 1929 4186 vero
1953 4106 2184 4183 Universitate

662 4253 776 4304 curere
801 4257 869 4306 non
896 4257 997 4332 posse
1019 4231 1194 4320 arbitrati,
1220 4255 1283 4305 sua
1310 4255 1446 4331 semper
1467 4231 1631 4306 audacter
1650 4241 1873 4332 propugnant
1897 4227 2093 4330 privilegis,
2109 4225 2183 4324 qui·

661 4345 730 4421 bns
755 4350 896 4425 demum
920 4351 1131 4426 confirmatis
1154 4351 1335 4449 auctisque
1361 4351 1504 4424 victores
1527 4351 1685 4425 redeunt.
1782 4435 1787 4444 ι

710 4473 817 4548 Quod
851 4471 897 4544 ad
931 4471 1077 4545 alterum
1105 4472 1239 4545 adtinet
1271 4493 1413 4546 sxvrnn
1431 4476 1698 4568 argumentum,
1728 4469 1793 4544 hoc
1822 4475 1913 4544 certe
1938 4466 2050 4566 prima
2071 4463 2182 4564 specie

660 4591 925 4665 similitudinem
954 4588 1024 4662 veri
1046 4587 1190 4679 referre,
1212 4597 1247 4665 et
1275 4591 1483 4664 testimoniis
1512 4615 1554 4664 ex
1580 4590 1657 4688 ipsa
1684 4589 1826 4664 historia
1848 4587 1966 4688 petitis
1988 4581 2183 4660 confirmari

658 4711 805 4787 videtur.
855 4710 1125 4800 Adulescentes,
1165 4711 1202 4785 in
1233 4710 1406 4786 coenobiis
1441 4719 1477 4784 et
1504 4709 1664 4809 capitulis
1701 4709 1903 4809 disciplinae
1933 4703 2181 4782 ecclesiasticae

656 4831 839 4910 assuefacti
870 4829 1031 4906 lubenter
1058 4831 1213 4906 animum
1242 4830 1519 4910 accommodasse
1541 4828 1708 4906 dicuntur
1730 4829 1776 4904 ad
1803 4826 2022 4904 scholasticas
2043 4822 2182 4924 regulas
