4960 6194
663 708 712 778 80
1171 702 1391 772 lucreti
1425 700 1692 772 omninum

664 937 870 1018 responsum
895 912 1032 990 nullum
1055 909 1205 1012 accepit;
1230 909 1302 986 duo
1316 909 1365 988 ad
1391 909 1554 999 elteranr,
1567 931 1638 1010 qua
1655 905 1798 1008 quidem
1813 907 2016 1006 quaestione
2030 913 2195 1010 rogatum

665 1043 761 1127 erat,
787 1043 827 1112 nt
850 1033 1092 1110 institueretur

768 1155 1003 1256 aDa'eqm'se'ls'o
1028 1153 1148 1228 critica
1173 1149 1216 1225 de
1238 1151 1484 1251 sipnificete'oae
1513 1157 1550 1225 et
1576 1149 1708 1248 eripiare
1733 1147 2023 1238 seminecem,
2047 1149 2085 1222 in
2111 1169 2199 1248 qnae

817 1277 971 1348 'teneant
991 1273 1125 1346 aomina
1150 1270 1281 1344 urbiam
1305 1277 1341 1345 et
1354 1295 1524 1370 paporum
1548 1271 1586 1344 e'a
1603 1269 1728 1367 patric
1751 1266 1904 1342 sorta?

714 1393 770 1467 De
796 1391 925 1492 quibus
948 1389 1320 1478 commentationibus,
1345 1413 1389 1464 ex
1413 1388 1612 1464 certaminis
1633 1386 1711 1486 lege
1732 1383 1844 1486 patrio
1866 1409 2022 1461 sermone
2043 1384 2196 1486 scriptis,

664 1512 762 1588 Ordo
786 1512 851 1588 hoc
874 1510 1046 1586 iudicium
1071 1509 1164 1584 tulit.

712 1631 841 1708 Prioris
873 1629 1030 1730 responsi
1061 1638 1201 1718 aucmr,
1233 1627 1329 1728 quod
1361 1627 1569 1729 insignitam
1595 1632 1650 1700 est
1673 1623 1846 1700 sententie
1872 1647 2192 1702 srnrnnsnonxn:

667 1753 814 1828 rTeate
832 1753 994 1850 etpn'eco
1016 1775 1098 1824 aeae
1108 1735 1191 1846 suit
1218 1757 1253 1824 et
1272 1756 1385 1824 eostre
1411 1757 1465 1825 est
1489 1749 1653 1822 seminam
1674 1747 1856 1820 incolentia
1879 1753 1916 1822 et
1936 1748 2107 1834 carietes,
2127 1753 2198 1820 tana

667 1873 847 1978 asortuite
878 1879 914 1946 et
940 1873 1057 1972 ipaote
1076 1893 1179 1968 saepe
1201 1871 1313 1970 cripe,
1338 1877 1395 1960 at,
1420 1871 1513 1978 quod
1534 1870 1577 1946 de
1605 1867 1791 1942 nominibus
1819 1867 1953 1970 opiter,
1979 1867 2126 1941 modesta
2151 1867 2201 1940 er

667 1991 903 2090 stupendam?
936 1989 1042 2063 telam
1073 2013 1173 2062 suam
1200 1987 1250 2061 ita
1284 2012 1427 2062 exorsus
1459 1995 1533 2078 est,
1569 1993 1609 2062 ut
1642 1984 1804 2074 tendens,
1830 1983 1926 2091 quod
1944 1981 2020 2092 ipse
2046 1983 2201 2096 ingenue

662 2107 811 2198 latetur,
844 2107 890 2184 ad
914 2106 1145 2182 detexendam
1172 2115 1283 2181 certos
1314 2106 1481 2183 terminos
1510 2132 1580 2182 non
1612 2105 1791 2181 inveniret.
1845 2105 1971 2204 Neque
2003 2105 2098 2181 enim
2129 2113 2197 2180 ter·

663 2227 871 2323 minutiones
895 2235 1034 2304 tantum
1054 2226 1272 2326 interpretari
1294 2236 1438 2303 conatus
1457 2235 1530 2317 est,
1549 2227 1587 2301 id
1601 2225 1697 2334 quod
1710 2225 1824 2300 solum
1836 2223 1934 2300 Ordo
1945 2227 2197 2326 postulaverat,

664 2346 726 2442 sed
749 2346 816 2421 hoc
843 2345 950 2421 etiam
983 2343 1050 2418 sibi
1080 2345 1280 2450 proposuit,
1307 2354 1347 2420 ut
1378 2347 1423 2421 ad
1450 2346 1605 2446 singulas
1633 2345 1894 2421 terminationes
1916 2348 2034 2424 omnia
2058 2347 2199 2424 urbium

662 2473 699 2542 et
732 2491 901 2566 pagorum
933 2465 1095 2554 nomina,
1128 2465 1212 2539 illue
1246 2490 1338 2566 quse
1367 2465 1546 2541 referende
1577 2473 1715 2556 essent,
1740 2476 1932 2564 recenseret
1951 2481 1985 2541 et
2013 2466 2199 2568 explicaret

660 2587 808 2686 integre.
859 2587 941 2665 Quo
964 2585 1106 2684 quidem
1129 2584 1261 2660 lactum
1286 2611 1382 2676 esse,
1399 2594 1438 2660 ut
1459 2595 1555 2662 tanto
1576 2611 1693 2662 rerum
1714 2586 1805 2662 mole
1826 2585 1933 2662 velntl
1949 2585 2095 2662 obrutus
2112 2611 2196 2661 non·

661 2705 730 2782 nisi
754 2705 1124 2781 determinationibus
1150 2731 1172 2781 a
1199 2705 1300 2781 litera
1329 2707 1363 2781 A
1390 2705 1638 2804 incipientibus
1660 2707 1775 2804 deque
1798 2731 1869 2782 nno
1892 2707 2033 2784 nomine
2052 2703 2197 2780 Looab·

660 2825 789 2904 solrere
814 2827 986 2930 potuerit,
1010 2851 1113 2898 nemo
1133 2825 1328 2896 mirabitur.
1355 2825 1406 2896 At
1428 2823 1603 2920 quomodo
1623 2823 1795 2897 absolvier
1814 2829 1936 2935 Quum
1953 2827 2045 2901 enim
2063 2833 2201 2923 praeter

660 2946 949 3046 significationem
979 2940 1266 3016 terminationem
1289 2940 1395 3016 etiem
1425 2942 1523 3040 origo
1548 2939 1791 3040 investiganda
1805 2953 1917 3034 esset,
1944 2947 2028 3021 satis
2048 2943 2098 3018 illi
2111 2943 2198 3034 luit,

660 3063 768 3140 missa
796 3061 951 3162 origine,
986 3061 1096 3135 solam
1132 3061 1308 3160 explorare
1346 3060 1645 3161 significationem.
1696 3061 1964 3159 Aperlectione
1989 3066 2098 3164 igitur
2121 3061 2201 3138 *eius

660 3180 858 3282 disquisitio
890 3189 1028 3256 tantum
1058 3179 1186 3255 distare
1212 3179 1285 3255 risa
1313 3187 1387 3269 est,
1422 3187 1462 3254 ut
1485 3177 1539 3254 vol
1565 3179 1645 3254 ideo
1671 3178 1810 3280 probari
1837 3179 1933 3254 nullo
1952 3191 2054 3279 paeto
2068 3189 2196 3281 posset.

660 3303 787 3402 Neque
824 3307 963 3390 tamen,
996 3301 1025 3376 si
1056 3300 1142 3401 quid
1177 3326 1219 3375 ex
1258 3299 1372 3376 indice
1408 3299 1696 3376 terminationem
1729 3299 2008 3376 concludendum
2039 3309 2109 3389 est,
2134 3303 2200 3401 qui

661 3421 945 3498 commentationi
990 3421 1199 3497 subiunctus
1228 3422 1370 3497 nomina
1407 3422 1582 3511 continet,
1618 3421 1664 3496 de
1694 3420 1825 3519 quibus
1855 3443 2019 3520 quaerere
2053 3421 2198 3522 scriptor

661 3541 732 3618 sibi
754 3549 996 3642 proposuerat,
1023 3542 1160 3617 etiarnsi
1180 3543 1325 3642 exsequi
1353 3544 1572 3643 propositum
1604 3541 1636 3616 ei
1662 3541 1833 3630 licuisset,
1857 3565 1929 3615 rem
1942 3541 1988 3616 sd
2001 3541 2107 3615 finem
2120 3566 2196 3640 per·

662 3662 819 3738 duxisset
855 3661 1068 3762 probabilem
1106 3689 1147 3738 ac
1184 3662 1406 3738 laudabilem.
1468 3663 1569 3739 Adeo
1603 3661 1820 3736 desideratur
1848 3661 1919 3735 illic
1948 3661 1985 3734 in
2014 3663 2196 3737 nominum

661 3781 930 3879 compositorum
961 3779 1119 3878 pertibus
1154 3783 1244 3855 bene
1277 3781 1534 3880 distinguendis
1572 3781 1690 3857 critica
1724 3781 1822 3855 ratio.
1884 3783 1986 3860 Quae
2012 3806 2122 3880 quum
2146 3781 2197 3856 ita

664 3899 756 3988 sint,
791 3898 958 3973 iudicavit
988 3899 1105 3988 Ordo,
1131 3901 1341 3974 laudandam
1371 3901 1514 3999 quidem
1542 3925 1617 3976 esse
1646 3899 1820 3999 scriptoris
1847 3899 2074 3990 industriam,
2098 3925 2194 3999 prae-

665 4019 784 4097 sertim
817 4019 853 4094 in
889 4019 1108 4094 recensendis
1141 4018 1340 4094 auctoribus
1374 4019 1447 4095 suis
1482 4031 1518 4095 et
1551 4019 1707 4095 lontibus
1731 4020 1951 4126 conspicuam
1962 4056 1972 4111 3
1998 4022 2060 4095 sed
2083 4020 2195 4121 ipsam

665 4139 996 4218 commentationem
1018 4163 1088 4214 non
1112 4137 1221 4212 rideri
1248 4139 1413 4238 dignam,
1438 4140 1496 4215 oui
1517 4139 1710 4239 praemium
1738 4139 1878 4216 honoris
1898 4141 2117 4218 tribuerent.

714 4262 833 4362 Magis
868 4260 999 4361 placuit
1028 4259 1155 4335 Ordini
1177 4259 1324 4334 alterum
1347 4283 1573 4360 responsum,
1597 4269 1757 4334 notatum
1784 4283 1856 4336 rec.
1883 4285 2039 4336 oarnnrr
2063 4259 2193 4337 verbis:

669 4379 796 4456 eJedes
839 4381 932 4455 Wert
964 4383 1027 4469 liet
1061 4383 1155 4456 scine
1191 4381 1423 4456 casolata?
1473 4381 1560 4455 Eius
1584 4388 1675 4454 certe
1701 4379 1846 4479 scriptor
1872 4388 1908 4456 et
1935 4381 2022 4481 quid
2051 4405 2193 4480 quaere·

666 4505 763 4574 retur
784 4499 974 4589 intellexit,
1000 4478 1035 4574 et
1057 4501 1147 4575 intre
1168 4500 1279 4575 iustos
1301 4500 1429 4575 limites
1450 4525 1525 4576 sese
1537 4499 1720 4576 continuit.
1757 4498 1830 4580 Qui
1843 4525 1955 4600 quum
1969 4501 2005 4574 in
2021 4498 2195 4600 prooemio

667 4641 709 4692 aa
733 4615 969 4715 exposuisset,
994 4641 1084 4714 quae
1110 4618 1260 4694 maxime
1284 4617 1331 4694 ad
1349 4642 1443 4708 rem,
1467 4643 1575 4718 quam
1602 4627 1744 4696 adanu
1767 4628 1879 4709 esset,
1904 4619 2015 4698 lacere
2037 4619 2194 4696 videren-

667 4743 746 4828 tor,
780 4719 885 4812 CXX
915 4735 1174 4814 terminationes
1199 4737 1236 4814 in
1261 4763 1407 4814 examen
1432 4739 1585 4830 vocavit,
1617 4739 1682 4816 lroo
1704 4749 1778 4830 est,
1813 4763 1883 4818 non
1905 4764 2028 4817 emm
2050 4741 2195 4840 quidem

667 4856 828 4948 omnino,
855 4857 917 4934 sed
937 4857 1040 4958 longe
1058 4857 1227 4958 plurimae
1246 4866 1283 4934 et
1301 4858 1484 4960 principes
1534 4861 1662 4961 Neque
1680 4861 1795 4942 solum
1812 4860 2023 4938 constituere
2037 4860 2193 4949 studuit,
