4912 6214
637 761 640 768 ,
724 695 919 762 saulus
953 695 1283 766 LEGTIONUM.
1724 697 1769 767 99

235 926 262 989 Ι.
282 927 308 988 1.
327 924 443 986 Perna
477 901 670 1004 Epistulam
693 903 801 977 Pauli·
817 903 863 977 ad
889 901 1086 978 Corinthios
1110 903 1258 1004 priorem
1281 903 1569 1004 interpretaturus

283 1035 360 1116 est,
385 1025 510 1101 diebus
536 1023 717 1111 Mercurii,
740 1023 836 1098 iovis
860 1031 896 1098 et
919 1023 1083 1112 Venaria,
1119 1077 1566 1104 .............
1591 1025 1676 1130 hora
1695 1024 1763 1106 IX.

333 1146 541 1246 Theologiae
561 1143 742 1219 Practicae
755 1153 889 1242 partem
909 1143 1160 1232 homileticam,
1181 1144 1378 1246 liturgicum
1398 1153 1434 1220 et
1451 1153 1567 1246 pasto·

384 1268 490 1342 ralem
514 1263 697 1352 tractabit,
721 1263 846 1338 diebna
871 1263 997 1336 Martis
1021 1273 1057 1338 et
1081 1265 1262 1354 Mercurii,
1304 1321 1569 1344 ........
1673 1287 1675 1290 ·
1716 1263 1764 1343 Χ.
1908 1284 1915 1300 “

335 1383 608 1461 Exercitationes
648 1381 875 1456 cetecheticas
916 1391 952 1454 et
982 1381 1195 1458 homileticas
1225 1385 1481 1476 moderabitur,
1512 1386 1570 1461 die

384 1506 525 1592 Lunae,
573 1553 1568 1584 ............................
1600 1503 1657 1582 XI
1667 1512 1703 1582 et
1714 1506 1766 1584 II.

339 1625 563 1702 Orationibus
579 1613 581 1620 '
598 1621 711 1697 Sacas
740 1611 924 1721 praeerunt
957 1641 982 1704 1.
1012 1641 1053 1701 a.
1080 1639 1307 1712 soacinen,
1328 1641 1365 1701 a.
1387 1639 1570 1716 numan,

387 1755 422 1820 et
442 1763 467 1824 1.
488 1765 513 1824 1.
533 1762 665 1836 Palae,
691 1741 816 1817 diebus
842 1755 877 1818 et
899 1741 991 1816 horis
1009 1741 1076 1816 sibi
1094 1755 1129 1816 et
1148 1741 1353 1817 Candidatis
1365 1743 1573 1844 Theologiae

386 1861 597 1953 commodis3
621 1903 672 1925 -
695 1863 834 1962 publice
859 1863 1062 1962 disputandi
1085 1862 1405 1966 exercitationibus,
1425 1863 1482 1938 die
1503 1861 1571 1938 Ve-

386 1985 498 2073 neria,
536 2037 1569 2062 .............................
1715 1985 1767 2064 ΙΙ.

336 2105 518 2182 lectiones
542 2104 586 2178 de
610 2102 752 2178 historia
778 2101 970 2192 Ecclesiae,
995 2125 1018 2178 a
1043 2125 1132 2176 noro
1153 2099 1350 2178 Professora
1372 2101 1574 2195 habendae,

386 2239 506 2324 postea
528 2222 788 2300 indicabuntur.

447 2514 696 2592 FAGULTAS
721 2515 1064 2590 DISPLINARUM
1087 2511 1567 2592 MATHEMATIOARUM

794 2635 857 2712 ET
880 2633 1217 2719 PHYSIGARUM.

240 2957 661 3024 ammanuensium
695 2943 895 3044 Zoologiam
923 2948 960 3018 et
985 2943 1184 3018 Anatomen
1213 2946 1451 3040 comparatam
1478 2940 1579 3018 doca-

293 3061 369 3151 bit,
395 3061 517 3136 diebus
542 3063 680 3153 Lunae,
707 3065 849 3153 Martis,
874 3063 1058 3150 Mercurii,
1085 3063 1177 3136 Iovis
1201 3067 1237 3135 et
1261 3059 1424 3150 Veneria,
1457 3117 1467 3138 .
1495 3119 1504 3138 .
1531 3113 1542 3138 .
1568 3117 1577 3141 .

342 3181 590 3281 Mineralogiae
623 3191 660 3258 et
692 3184 881 3284 Geologiac
913 3184 1084 3258 clementa
1118 3188 1288 3282 exponet,
1313 3181 1438 3256 diebus
1458 3181 1581 3258 Lunae

391 3311 427 3378 et
450 3303 617 3377 Mercurii
627 3355 1578 3392 ...........................

340 3421 417 3496 Aut
455 3423 766 3524 Anthropologiam
797 3423 1027 3524 gentiumque
1065 3422 1265 3498 ranetatem
1307 3421 1480 3510 nativam,
1519 3425 1582 3496 aut

388 3544 580 3618 Anatomes
604 3554 822 3645 comparatae
847 3544 974 3619 selecta
995 3543 1109 3640 capita
1134 3541 1340 3640 explicabit,
1365 3541 1490 3616 diebus
1506 3541 1579 3616 Lu·

390 3685 466 3736 une·
481 3671 517 3737 et
542 3665 687 3755 Martis,
731 3716 1578 3743 ........................

241 3797 281 3861 Δ,
300 3795 342 3859 Η.
361 3799 448 3860 VAN
466 3800 548 3860 unu
567 3801 678 3862 Boon
698 3801 833 3862 Muscrl
857 3782 1042 3882 Ghymiam
1059 3805 1241 3881 corporum
1258 3781 1499 3881 organicorum
1517 3804 1577 3856 ex·

293 3909 419 3998 ponet,
443 3901 569 3976 diebus
591 3903 731 3992 Lunae,
758 3903 898 3992 Martia,
924 3903 1089 3978 Mercurii
1112 3913 1148 3977 et
1173 3903 1264 3978 lovis
1273 3957 1573 3992 .........

347 4019 549 4118 Ohymiam,
574 4047 665 4122 quae
687 4024 894 4124 anorganica
917 4033 1076 4113 vocatur,
1101 4023 1259 4112 docebit,
1284 4021 1410 4096 iisdem
1435 4021 1576 4112 diebus,

347 4141 469 4216 Artem
499 4143 812 4242 pharmaceuticum
843 4144 1063 4220 theoreticam
1085 4153 1123 4219 et
1144 4143 1448 4244 experimentalem
1472 4165 1577 4241 expo-

397 4269 474 4351 net,
499 4263 625 4338 diebus
647 4263 769 4340 Lunae
795 4274 833 4340 at
855 4265 1021 4340 Mercurii
1027 4315 1579 4354 ................

348 4378 592 4458 oeconomiam
618 4385 767 4460 ruralem
792 4385 925 4474 tradet,
951 4386 1074 4460 diebus
1098 4383 1223 4458 Martis
1248 4391 1284 4457 et
1308 4380 1416 4469 lovis,
1458 4436 1468 4455 .
1496 4435 1505 4456 .
1532 4435 1542 4456 .
1570 4437 1579 4456 .

347 4501 594 4600 Experimento
611 4505 818 4580 instituendi
839 4504 1112 4607 artemldoeebit
1136 4513 1172 4578 et
1188 4501 1362 4578 Exercitia
1377 4499 1528 4601 practica
1543 4498 1582 4576 iu

396 4621 620 4699 laboratorio
643 4625 880 4701 moderabitur
903 4624 1070 4723 quotidie.
1638 4621 1642 4628 ’

349 4739 441 4816 Cum
477 4743 652 4820 Studiosis
681 4745 953 4846 provectioribus
985 4745 1030 4819 de
1057 4742 1277 4844 Physiologia
1300 4741 1458 4843 chymioa
1478 4741 1582 4819 collo-

401 4871 549 4962 quetur,
574 4865 632 4940 die
659 4865 821 4958 Veneris,
845 4865 930 4942 hora
953 4865 1157 4967 vespertina.
1211 4920 1221 4941 .
1247 4920 1257 4941 .
1284 4920 1294 4939 .
1320 4919 1330 4940 .
1356 4919 1365 4940 .
1392 4920 1402 4940 .
1428 4920 1438 4941 .
1465 4918 1475 4939 .
1501 4919 1511 4940 .
1536 4917 1547 4939 .
1572 4857 1781 4940 Νιι-ἾῘῙΠ.Ι
1884 4939 1889 4954 ,

1538 4978 1616 5055 13*
