4960 6194
659 641 680 706 8
1288 639 1314 702 1.
1347 637 1412 704 DE
1446 629 1563 704 wll

705 844 923 922 Duodecimn
954 849 1092 932 nostroe
1115 867 1214 919 serae
1236 844 1374 920 saeculo
1397 845 1488 921 duae
1510 843 1681 943 imprimis
1703 845 1882 922 florescere
1908 854 2185 948 carpamns-pu·

656 964 767 1041 bhoae
794 964 951 1056 scholae,
976 965 1086 1040 alters
1110 965 1308 1052 Bononiae,
1333 963 1442 1040 altera
1472 964 1638 1038 Parisiis.
1674 963 1821 1042 Diversa
1841 989 1920 1040 vero
1947 966 2099 1042 maxime
2119 967 2188 1044 luit

656 1085 840 1186 utriusque
869 1084 1022 1159 instituti
1055 1082 1153 1158 ratio.
1205 1082 1250 1156 In
1283 1089 1434 1182 utraque
1457 1080 1664 1158 universitas
1684 1083 1751 1157 rite
1772 1107 1812 1158 ec
1832 1084 1987 1184 legitime
2010 1094 2085 1160 eret
2106 1111 2188 1164 con·

657 1203 753 1296 dita,
777 1205 839 1280 sed
865 1201 1131 1278 inBononiensi
1151 1225 1254 1276 omne
1279 1201 1436 1276 studium
1468 1201 1767 1300 Iurisprudentine
1794 1202 1924 1278 finibus
1949 1203 2187 1306 circumscrip-

656 1319 737 1399 tum
767 1331 860 1412 erat,
896 1323 934 1396 in
967 1320 1124 1396 Parisino
1149 1319 1318 1420 Theologi
1342 1327 1482 1396 tentum
1511 1328 1547 1395 et
1570 1319 1774 1420 Philosophi
1797 1322 1887 1396 votis
1908 1347 1972 1422 prn
1988 1323 2187 1402 litterarum

657 1443 767 1520 salute
797 1440 1008 1541 nuncupatis
1036 1439 1200 1516 fiduciam
1222 1447 1396 1539 praestare
1424 1439 1643 1515 videbantur.
1695 1441 1738 1514 In
1768 1439 1880 1540 priore
1905 1441 2040 1518 licitum
2063 1468 2187 1543 corpus

656 1561 914 1639 constituebant
949 1559 1138 1648 discentes,
1169 1559 1206 1632 in
1229 1559 1415 1658 posteriorc
1440 1582 1511 1633 non
1541 1557 1709 1647 studiosi,
1734 1583 1855 1634 verum
1879 1559 1947 1660 ipsi
1969 1559 2125 1636 doctores
2146 1587 2187 1639 eo

654 1682 813 1782 magistri
836 1679 1021 1779 collegium
1045 1678 1233 1754 faciebant.

728 1800 788 1876 Ad
811 1799 1080 1875 Universitstem
1100 1797 1356 1873 Bononiensem
1378 1795 1546 1897 pertinuit
1565 1794 1698 1896 absque
1717 1797 1788 1872 ullo
1805 1797 1914 1874 dnbio
1929 1798 2187 1878 nobilissimum

658 1944 849 1996 rnrnnmcr
872 1923 888 1994 l
908 1918 1145 2020 privilegium,
1172 1942 1291 1994 mense
1311 1917 1502 1992 Novembri
1520 1917 1603 1992 unni
1619 1940 1811 1992 o1oronv111
1822 1918 2036 1994 scholaribus
2048 1945 2188 1998 conces·

661 2065 752 2117 sum.
804 2038 1001 2129 Omnibus,
1026 2039 1088 2138 qui
1116 2038 1311 2114 studiorum
1342 2063 1446 2112 causa
1468 2036 1778 2136 peregrinabantur
1809 2047 1844 2112 et
1877 2038 2026 2114 maxime
2054 2041 2186 2117 divina·

656 2183 736 2234 rum
768 2166 874 2257 atque
906 2183 1080 2233 sacrarum
1115 2157 1234 2258 legum
1264 2156 1515 2257 professoribus
1548 2157 1614 2232 hoc
1650 2157 1789 2258 pietetis
1810 2157 2018 2234 beneficium
2040 2160 2188 2237 indulsit

658 2279 845 2378 Princeps,
877 2284 919 2352 ut
953 2277 999 2353 ed
1034 2277 1126 2352 locos
1157 2275 1352 2374 inquibus
1388 2277 1567 2350 htcrerum
1597 2283 1836 2352 exercerentur
1862 2278 1997 2368 studia,
2022 2287 2095 2355 tam
2119 2281 2188 2380 ipsi

655 2422 762 2498 quam
799 2397 955 2496 ipsorum
987 2395 1138 2470 ministri
1170 2394 1325 2469 venirent
1359 2403 1435 2469 tute
1460 2403 1495 2470 ct
1522 2396 1559 2469 in
1587 2395 1637 2469 eis
1662 2419 1780 2470 secure
1807 2395 2015 2474 habitarent.
2068 2401 2187 2479 ‘rQuis

658 2517 782 2593 renim
821 2516 885 2610 (ita
918 2517 1126 2614 Imperator)
1162 2538 1279 2588 eornm
1305 2537 1374 2586 non
1402 2513 1625 2602 misereatur,
1657 2513 1719 2612 qui
1741 2538 1856 2590 amore
1884 2517 2045 2592 scientiae
2067 2521 2186 2596 exules

541 2639 542 2642 ’
625 2655 629 2660 ·
658 2635 789 2724 electi,
824 2635 868 2712 de
895 2634 1062 2708 divitibus
1086 2655 1274 2732 pauperes,
1302 2637 1413 2704 semet
1437 2629 1532 2728 ipsos
1556 2629 1782 2722 exinaniunt,
1808 2635 1914 2710 vitem
1937 2661 2036 2712 snam
2065 2637 2186 2714 multis

657 2785 675 2824 n
685 2755 847 2855 periculis
869 2761 1050 2851 exponunt
1072 2761 1108 2827 et
1128 2777 1150 2826 a
1170 2750 1346 2826 vilissimis
1368 2773 1471 2846 saepe
1488 2749 1688 2824 hominibus
1709 2754 1820 2848 (quod
1836 2756 1987 2850 graviter
2003 2756 2186 2835 serendum

654 2879 750 2966 nest)
779 2873 972 2971 corporales
996 2869 1143 2945 iniurias
1168 2869 1242 2942 sine
1266 2891 1371 2942 cause
1391 2867 1605 2966 perferunt.''
1655 2869 1837 2944 Praeterea
1859 2870 1980 2946 eadem
2005 2871 2081 2973 lege
2103 2900 2185 2952 cau·

653 2999 734 3066 tum
767 2991 855 3079 fuit,
891 2997 932 3065 nt
968 2989 1085 3064 nullus
1119 2988 1165 3063 ob
1199 2985 1358 3062 debitum
1385 2986 1597 3063 scholaribus
1622 2987 1743 3063 damni
1773 2988 1863 3087 quid.
1884 2989 2053 3080 inferret,
2069 2994 2132 3068 sed
2155 2995 2186 3070 si

651 3111 750 3186 litem
775 3109 826 3185 eis
852 3108 1026 3209 quispiam
1053 3133 1157 3208 super
1182 3108 1299 3206 ahquo
1319 3092 1465 3206 'negotio
1493 3133 1629 3184 movere
1651 3108 1777 3197 vellet,
1800 3109 1896 3208 optio
1915 3109 2000 3209 ipsis
2025 3109 2182 3205 daretur,

653 3237 773 3306 utrum
793 3253 908 3305 coram
933 3228 1074 3304 domino
1099 3229 1152 3303 vel
1175 3227 1342 3330 magistro
1366 3251 1430 3303 suo
1453 3227 1631 3328 suipsius
1653 3226 1802 3302 civitatis
1826 3227 1986 3328 episcopo
2009 3231 2182 3308 conveniri

652 3352 806 3428 mallent.

701 3472 757 3546 Ex
778 3469 872 3545 hisce
894 3467 1117 3568 Imperatoris
1139 3466 1282 3558 verbus,
1310 3468 1420 3567 (quod
1442 3491 1523 3544 oum
1544 3488 1683 3541 ssvnvn
1701 3465 1764 3540 viri
1785 3467 1916 3568 egregii
1939 3495 2023 3570 pace
2047 3469 2181 3546 dictum
2217 3485 2220 3493 “

654 3595 742 3683 estc)
773 3615 844 3665 non
874 3589 949 3664 sine
971 3589 1124 3665 veritatis
1150 3589 1262 3688 specie
1290 3588 1438 3690 intelligi
1460 3588 1597 3664 videtur
1619 3587 1717 3662 nulla
1740 3587 1875 3661 saeculo
1899 3588 1974 3663 XII
2001 3590 2180 3666 Bononiae

651 3709 759 3785 luisse
793 3708 1029 3798 Universitas,
1059 3708 1247 3807 nullusque
1275 3707 1434 3783 ciusdem
1462 3708 1603 3784 Rector.
1654 3707 1905 3807 Unusquisque
1931 3709 2094 3786 scholaris
2117 3735 2181 3786 suc

653 3827 754 3928 qussi
783 3827 944 3903 addictus
970 3825 1038 3902 luit
1061 3827 1222 3916 domino,
1248 3851 1354 3926 quern
1379 3826 1500 3902 audire
1523 3851 1605 3926 prae
1626 3826 1748 3901 ceteris
1773 3827 1958 3926 gestiebat:
1985 3829 2079 3905 hunc
2101 3855 2182 3906 sua·

652 3971 733 4022 rum
759 3945 875 4022 litium
895 3945 1065 4021 arbitrum
1089 3945 1214 4020 lubens
1236 3946 1456 4046 agnoscebat.
1493 3945 1625 4022 Verum
1647 3945 1741 4020 enirn
1763 3971 1842 4022 vero
1866 3949 2025 4048 sequenti
2043 3949 2180 4023 saeculo

652 4065 698 4142 cd
719 4065 826 4140 finem
846 4071 1009 4164 vergente
1030 4063 1271 4162 ingravescens
1296 4061 1502 4138 scholarium
1524 4064 1718 4164 petulantia
1744 4065 1877 4155 effecit,
1903 4074 1944 4142 ut
1960 4067 2122 4142 docentes
2142 4074 2180 4142 et

655 4183 816 4284 discipuli
854 4183 1033 4284 privilegio
1051 4182 1137 4272 lori,
1164 4183 1279 4282 quoad
1305 4183 1578 4290 iurisdictionem
1601 4183 1833 4273 criminalem,
1859 4194 1981 4284 sponte
2002 4186 2178 4262 renuntia·

653 4310 751 4392 rent,
785 4327 866 4378 cnm
897 4329 959 4403 per
992 4301 1198 4402 magistrum
1231 4302 1284 4377 vel
1315 4302 1515 4402 episcopum
1546 4327 1616 4376 non
1646 4312 1763 4401 posset
1786 4304 1823 4378 in
1850 4305 1976 4381 delicte
2000 4307 2083 4382 satis
2105 4307 2177 4382 eni·

655 4421 836 4498 madverti.
897 4423 996 4496 Inter
1027 4421 1243 4499 Lombardos
1278 4431 1314 4498 et
1349 4423 1479 4498 Tuscos
1512 4423 1663 4506 maxima
1697 4423 1764 4499 luit
1800 4423 1990 4516 discordia,
2027 4427 2075 4501 dc·
2108 4449 2179 4525 quc

655 4542 895 4642 componenda
926 4541 1052 4616 lrustre
1082 4541 1219 4617 solliciti
1251 4542 1394 4618 luerunt
1428 4543 1606 4618 doctores:
1642 4543 1760 4643 itaque
1789 4544 2013 4644 magistratus
2047 4545 2177 4634 civilis,

655 4660 733 4762 ipsa
771 4668 916 4760 cogente
949 4659 1152 4736 necessitate
1187 4669 1223 4736 et
1245 4661 1384 4737 nemine
1405 4661 1620 4762 refragante,
1644 4687 1784 4738 omnem
1808 4663 1880 4738 lere
1904 4662 2179 4738 iurisdictionem
2294 4723 2298 4738 .

656 4779 820 4856 facillimo
849 4779 1030 4881 occupavit
1059 4779 1209 4880 negotio.
1260 4781 1330 4888 Sed
1360 4781 1481 4857 eadem
1509 4791 1622 4860 aetate
1642 4783 1811 4878 scholares
1837 4807 1941 4904 suum
1964 4782 2032 4858 sibi
2052 4783 2177 4858 Recto·
