4912 6214
669 592 734 662 lca
911 521 919 537 ·
1151 584 1347 654 sunna
1381 581 1711 653 scortorum
1801 527 1804 534 Ι

763 795 1041 898 Metephyeicem
1065 791 1220 882 docebit,
1245 791 1370 868 diebus
1394 791 1521 868 Martis
1544 800 1580 866 et
1604 790 1770 868 Mercurii
1777 849 2001 880 .......
2038 793 2129 872 hora
2146 793 2202 872 X.

763 917 955 994 Historiam
979 913 1220 1012 Philosophiae
1236 913 1430 1018 explicabit
1454 913 1579 988 diebus
1604 913 1724 988 Lunae
1747 919 1783 986 et
1807 911 1920 1003 Iovis,
1951 971 1961 988 .
1988 972 1997 989 .
2106 915 2202 994 XII.

762 1036 1038 1136 Paedagogicam
1073 1041 1239 1132 exponet,
1277 1033 1401 1108 diebus
1436 1041 1473 1108 et
1509 1032 1602 1108 horis
1635 1031 1868 1108 Auditoribus
1906 1057 2000 1110 oom-

813 1158 937 1234 modis.

667 1301 700 1364 ο.
721 1300 759 1362 G.
779 1297 909 1360 coBcT
931 1273 1216 1375 interpretabitur
1237 1295 1484 1362 nnnonorurr,
1509 1293 1784 1348 nnrrosrnnunn
1806 1279 1842 1346 et
1866 1295 2000 1349 curro·

714 1425 811 1490 uun,
837 1397 962 1473 diebrxe
984 1395 1127 1482 Lunae,
1152 1395 1277 1468 Martie
1301 1403 1337 1470 et
1361 1394 1545 1484 Mercurii,
1585 1449 1997 1471 ............
2153 1393 2199 1470 X

761 1522 852 1596 Cum
874 1514 1143 1618 provectioribus
1161 1513 1254 1614 leget
1272 1537 1559 1590 amerornaunrr
1574 1521 1610 1588 et
1625 1536 1858 1602 sornocnnrr,
1874 1512 2000 1588 diebus

773 1643 775 1646 ’
810 1638 907 1713 Iovis
931 1644 968 1710 et
991 1633 1158 1722 Veneris,
1187 1693 1195 1708 .
1223 1693 1232 1710 .
1260 1624 1304 1710 .''.
1332 1689 1999 1712 ...................
2169 1631 2199 1708 Ι.

764 1757 1003 1854 Antiquitates
1019 1755 1195 1829 Romnum
1215 1753 1348 1843 tredet,
1370 1753 1495 1829 diebus
1509 1753 1653 1843 Lunae,
1676 1752 1822 1842 Martis,
1837 1751 2003 1828 Mercurii

811 1885 848 1950 et
871 1875 963 1950 lovis
999 1929 1993 1952 ............................
2109 1871 2197 1950 XII.

761 1999 885 2072 Artem
908 1993 1086 2070 metricum
1111 1992 1268 2082 docebit,
1294 1993 1419 2068 diebus
1442 1993 1588 2068 Veneris
1611 2001 1648 2068 et
1672 1993 1833 2082 Saturni,
1877 2051 1886 2070 .
1915 2051 1923 2070 .
1950 2053 1958 2069 .
1986 2052 1995 2069 .
2108 1992 2197 2083 XII.

763 2115 903 2190 Scholee
928 2114 1179 2214 paedagogiccs
1205 2112 1368 2202 habebit,
1393 2113 1518 2187 diebus
1542 2113 1668 2188 Martis
1692 2121 1728 2188 et
1752 2111 1886 2199 Iovis„
1913 2169 1922 2186 .
1950 2168 1960 2188 .
1987 2169 1996 2188 .
2146 2111 2195 2188 Il.

761 2234 868 2310 Initia
891 2233 1180 2333 Palaeogrephiee
1201 2235 1352 2307 Graecae
1368 2231 1574 2307 Candidatis
1587 2233 1784 2308 Literarum
1794 2228 2001 2330 explicabit,

809 2353 934 2429 diebus
958 2352 1104 2428 Veneris
1127 2362 1163 2428 et
1189 2353 1330 2428 Saturni
1339 2405 1993 2441 ...................
2017 2349 2189 2426 ῙΧ-ΧΙ,

760 2473 974 2575 Disputandi
998 2473 1160 2550 exercitis
1184 2473 1324 2574 publica
1348 2471 1601 2561 moderabitur,
1627 2473 1698 2546 dic‘
1708 2469 1802 2546 Iovis
1809 2527 1997 2560 ......
2128 2471 2192 2546 ΧΙ.

663 2613 700 2676 Β.
718 2611 751 2674 Ρ.
771 2615 807 2674 A.
827 2613 933 2674 Dozr
971 2593 1166 2672 Historiam
1206 2593 1434 2670 universalem
1467 2591 1673 2694 explicabit,
1704 2591 1830 2666 dicbm
1860 2590 2002 2684 Lunae,

710 2715 837 2794 Martis
861 2724 897 2790 et
921 2713 1105 2802 Mercurii,
1143 2765 1997 2790 ........................
2130 2709 2194 2786 ΧΙ.

760 2835 883 2912 Varios
912 2837 1004 2910 locos
1025 2834 1188 2909 historiae
1211 2831 1287 2907 aevi
1307 2832 1414 2906 medii
1434 2842 1471 2907 et
1493 2831 1656 2908 historiae
1677 2829 1877 2908 recentioris
1897 2855 2001 2931 expo-

810 2963 890 3041 net,
915 2954 1040 3027 diebus
1063 2954 1185 3027 Lunae
1210 2961 1246 3024 et
1270 2952 1434 3026 Mercurii
1445 3009 2002 3040 ................
2127 2951 2193 3024 ΠΙ.

767 3072 1054 3148 Al·Makkarium
1078 3071 1382 3170 interpretabitur,
1407 3071 1464 3146 die
1488 3072 1582 3146 Iovis
1589 3127 2006 3162 ............
2043 3069 2197 3146 n-lv.

763 3191 910 3266 Codices
934 3191 1101 3267 Arabicoe
1125 3217 1233 3268 manu
1257 3193 1421 3292 scriptos,
1446 3193 1503 3268 die
1527 3193 1693 3283 Veneris,
1735 3251 1746 3270 .
1772 3251 1780 3270 .
1808 3250 1819 3270 .
1845 3251 1854 3268 .
1880 3249 1892 3270 .
1916 3251 1925 3270 .
1953 3251 1963 3270 .
1989 3251 1999 3269 .
2042 3188 2193 3268 II-IV.

668 3329 711 3394 lt
730 3329 784 3392 nn
805 3332 921 3392 vulne
946 3313 1121 3412 Linguem
1147 3313 1352 3413 Literasque
1372 3314 1502 3415 patrias
1530 3314 1737 3414 explicabit,
1762 3312 1888 3388 diebus
1908 3313 2003 3390 Mar·

714 3433 780 3526 tis,
805 3434 972 3540 Mercurii
995 3443 1031 3510 et
1056 3434 1147 3510 loris
1156 3488 2001 3524 ........................
2145 3432 2192 3508 Il.

762 3555 938 3654 Linguam
961 3554 1168 3656 Liberaeque
1189 3554 1319 3654 patrias
1333 3555 1442 3631 medii
1454 3555 1531 3632 aevi
1549 3553 1754 3655 explicabit,
1769 3553 1894 3630 diebus
1908 3555 2003 3630 Mer·

811 3673 856 3745 tis
880 3682 916 3746 et
939 3673 1033 3746 Iovis
1043 3729 1895 3761 ........................
1905 3733 1931 3756 ,.
1958 3733 1968 3751 .
1994 3734 2004 3752 .
2126 3673 2192 3750 111.

763 3790 940 3888 Linguam
982 3791 1186 3891 Literasque
1231 3793 1359 3890 patrias
1398 3793 1527 3869 saeculi
1562 3791 1672 3868 XVII
1705 3791 1912 3892 explicabit,
1947 3792 2005 3870 dic

812 3908 962 3997 Martis,
1000 3963 2001 3992 ............................
2163 3911 2193 3986 Ι.

762 4029 817 4105 De
849 4028 971 4128 lingua
1000 4027 1112 4128 patria
1139 4051 1226 4126 pure
1259 4035 1295 4106 et
1328 4029 1504 4128 eleganter
1537 4029 1720 4110 scribenda
1747 4041 1850 4134 eget,
1874 4032 2003 4110 odditis

810 4148 981 4226 exercitiis
1004 4147 1186 4256 practicis,
1211 4147 1268 4222 die
1291 4149 1404 4239 Iovis,
1444 4207 2003 4231 ................
2121 4148 2194 4238 ΧΙ,

859 4279 894 4344 et
918 4269 978 4346 die
1000 4267 1145 4344 Veneris
1153 4325 1999 4358 ........................
2109 4271 2193 4346 XII.

764 4387 967 4466 (terminum
1001 4389 1108 4464 medii
1139 4389 1215 4464 nevi
1240 4389 1559 4490 interpretctimem
1587 4391 1746 4470 criticum
1773 4393 2006 4495 provectiores

814 4506 971 4597 docebit,
996 4508 1053 4582 die
1077 4509 1219 4598 Martis,
1263 4567 2002 4593 .....................
2038 4511 2195 4590 VII-rx.
2304 4599 2308 4610 ,

598 4592 603 4600 ¹
766 4624 941 4726 Linguam
966 4627 1150 4706 Gothicam
1175 4629 1309 4720 tradet,
1333 4629 1391 4706 die
1404 4631 1508 4708 Joris
1516 4689 2002 4722 ..............
2156 4634 2195 4722 Ι,

863 4753 899 4821 et
922 4745 1067 4823 Veneris
1077 4805 1488 4836 ............
1501 4837 1503 4845 y
1514 4808 1998 4833 ...............
2099 4789 2102 4793 ·
2126 4753 2196 4828 ΠΙ.
