4960 6194
587 1043 976 1164 loolcln
1031 1039 1462 1160 onolton

656 1423 657 1426 ψ
802 1302 1239 1399 rnononoirn

1016 1565 1040 1614 Α

689 1755 1356 1826 nncnonnnsnnnnu

501 1997 878 2082 ioionaran
918 1973 1544 2086 nonnoso-ninivae

624 2248 695 2313 om
714 2251 790 2314 vm
809 2253 1026 2318 unnnnnnn
1044 2255 1148 2318 ANNI
1169 2251 1429 2320 ommonem.

913 2585 1153 2600 ῃ

698 2835 836 2912 onoo
859 2833 1358 2946 runnoousonronun.

288 3131 291 3140 ·
312 3076 372 3152 Ad
394 3071 631 3174 quaestionem
656 3071 701 3147 de
722 3095 791 3148 osu
813 3081 848 3150 et
868 3075 1073 3154 auotoritate
1095 3073 1189 3150 Iuris
1210 3071 1377 3150 Feudalio
1393 3068 1650 3172 longohrdiei
1671 3071 1710 3147 in
1730 3095 1792 3173 pa-

267 3195 334 3271 trio
354 3202 473 3270 nostia
495 3191 629 3268 nullam
652 3194 979 3271 commentationem
1004 3195 1148 3295 eooepit.

312 3315 372 3390 Ad
395 3314 652 3414 quaestionem:
681 3317 803 3396 inuio
822 3319 914 3392 inter
937 3318 1058 3393 bellom
1078 3317 1282 3390 montionem
1301 3319 1338 3390 et
1360 3320 1527 3390 terrem
1546 3315 1693 3388 intereat
1708 3312 1797 3388 Iure

364 3437 546 3511 ruentium
573 3435 756 3533 Europaeo
765 3435 801 3524 ‚⁹¹
835 3436 990 3510 lotorum
1023 3434 1120 3510 Ordo
1154 3434 1225 3509 duo
1257 3435 1392 3536 aceepit
1424 3457 1611 3536 responsa,
1644 3453 1797 3533 qnorum

361 3562 526 3630 neutrum
552 3554 602 3630 ita
626 3554 776 3655 placuit,
802 3563 843 3632 nt
867 3581 971 3632 aureo
996 3557 1149 3656 praemio
1173 3555 1409 3630 decorandum
1433 3579 1509 3630 esse
1533 3553 1719 3632 videretur.

313 3674 461 3750 duotori
493 3673 617 3775 prioris
644 3675 965 3765 commentationis,
999 3675 1184 3774 inscriptae
1210 3673 1324 3748 verbio
1349 3673 1648 3750 normarum:
1697 3667 1795 3746 nLes

270 3793 442 3868 adiverses
469 3793 607 3868 natione
639 3792 779 3868 doivent
808 3819 845 3868 se
875 3793 959 3868 seire
987 3793 1074 3867 dans
1099 3790 1132 3868 ln
1153 3791 1236 3892 paix
1258 3791 1291 3866 ie
1310 3790 1391 3893 plna
1412 3791 1456 3868 de
1478 3792 1585 3867 bien”
1610 3799 1698 3880 oet,
1722 3791 1795 3866 duo

265 3911 423 4012 inprimis
446 3912 529 3987 vitio
550 3921 632 3988 sunt
653 3913 826 3992 vertenda
884 3913 1062 4004 Primum,
1088 3913 1183 4012 quod
1208 3935 1278 3988 non
1305 3913 1390 3989 satis
1413 3913 1521 3988 clarae
1545 3937 1586 3988 ao
1613 3911 1794 3986 distinctae

269 4031 313 4107 de
341 4034 422 4106 Iure
453 4033 622 4107 Gentium
651 4032 810 4108 univerae
832 4033 959 4108 hebere
981 4034 1117 4108 videtur
1135 4032 1314 4126 notiones,
1338 4041 1440 4124 tum,
1463 4033 1559 4134 quod
1580 4031 1793 4132 quaestionis

268 4152 462 4250 propositae
497 4151 567 4227 vim
597 4149 692 4227 haud
722 4151 788 4230 rite
818 4153 981 4256 percepit.
1040 4151 1132 4228 Cum
1165 4154 1259 4229 enim
1285 4159 1508 4254 quaereretur
1529 4152 1573 4226 de
1595 4149 1793 4225 discrimine

269 4269 363 4344 inter
392 4271 522 4348 bellom
555 4271 769 4348 maritimum
802 4283 838 4347 et
871 4280 1031 4348 terrestre
1053 4275 1136 4348 Iure
1159 4274 1330 4349 Gentium
1354 4273 1536 4370 Europaeo
1562 4269 1718 4370 adeoque
1747 4267 1791 4343 de

269 4413 393 4466 norme
426 4415 467 4466 ao
497 4391 646 4492 regulis,
682 4389 753 4467 eive
784 4393 981 4470 foederibus
1011 4394 1082 4468 sive
1110 4393 1362 4468 consuetudine
1385 4389 1611 4480 consecratis,
1635 4389 1792 4490 adquae

269 4535 381 4586 unum
405 4510 594 4587 alterumve
618 4513 711 4613 exigi
733 4515 838 4605 solet,
863 4515 926 4590 hes
947 4515 1018 4590 iere
1039 4537 1180 4616 prorsus
1199 4513 1317 4588 omisit
1338 4521 1374 4588 et
1397 4512 1617 4614 potissimum
1636 4517 1792 4588 versatus

269 4640 324 4708 est
353 4631 391 4706 in
427 4631 640 4733 exponendis
673 4635 821 4734 singulis
855 4635 956 4710 {notis
994 4635 1050 4711 hio
1086 4634 1156 4710 illio
1180 4661 1224 4709 ex
1247 4633 1348 4710 veriis
1369 4631 1570 4710 eootoribus
1589 4631 1791 4732 descriptis,

270 4775 314 4826 en
347 4750 477 4851 quibus
507 4753 630 4828 oonfici
664 4753 806 4853 quidem
843 4756 972 4857 possit,
1008 4756 1096 4856 quid
1124 4755 1162 4830 in
1195 4753 1297 4830 variis
1319 4753 1537 4856 regionibus,
1570 4751 1632 4852 qui
1654 4775 1792 4828 summo

271 4870 415 4972 imperio
441 4881 640 4973 praeessent
663 4874 850 4974 aliquando
875 4877 919 4954 de
942 4877 1089 4977 singulis
1111 4901 1201 4976 qoee
1222 4881 1439 4952 ooomrerent
1461 4873 1567 4950 rebos
1588 4871 1792 4963 statuerint,

1547 4991 1599 5067 4·
