4912 6214
700 645 766 713 100
1183 643 1376 708 situlus
1410 639 1740 717 ttcrtotturr.

701 870 730 932 G
748 869 775 932 1.
795 869 964 931 vultuata
985 850 1166 925 Elementa
1189 849 1406 924 Geometriae
1431 849 1554 950 planae
1577 855 1613 924 et
1631 848 1942 948 Trigouometriem
1959 850 2032 950 pla·

720 995 832 1058 ,nam
856 971 987 1059 tradet,
1013 970 1069 1044 die
1094 969 1186 1043 lovis
1210 977 1246 1043 et
1271 969 1431 1058 Saturni,
1480 1027 2034 1046 ................
2075 969 2227 1064 horaX,

895 1101 930 1165 et
954 1089 1010 1164 die
1035 1088 1179 1164 Veneris
1187 1145 2036 1177 ........................
2059 1091 2119 1167 IX
2135 1102 2172 1168 et
2182 1093 2226 1170 Χ.

798 1210 1075 1286 Stereometriam
1102 1219 1138 1284 et
1162 1209 1473 1308 Trigonometriam
1496 1208 1710 1310 sphaericam
1734 1210 1890 1300 docebit,
1909 1209 2035 1286 diebus

844 1331 969 1404 Martis
993 1339 1028 1404 et
1053 1329 1165 1418 lovis,
1212 1385 2026 1408 .......................
2137 1331 2225 1410 Vlll.

794 1451 976 1526 Calculum
1010 1449 1272 1525 differentialem
1307 1451 1569 1551 etintsgralem
1601 1451 1756 1550 itemque
1791 1449 2031 1526 Mechsuicam

844 1571 1025 1657 tractabit,
1051 1570 1175 1643 diebus
1200 1580 1235 1644 et
1260 1571 1352 1646 horis
1379 1571 1505 1647 deinde
1530 1572 1735 1646 indicandis.

794 1690 936 1764 Scholas
962 1690 1212 1790 paedagogicas
1237 1691 1400 1780 habebit,
1426 1693 1482 1767 die
1507 1693 1649 1780 Lunae,
1673 1691 1758 1766 hora
1781 1690 1973 1767 00me

693 1829 728 1891 lt.
748 1829 895 1888 Kslsttt
929 1811 1188 1884 Astronomiam
1216 1810 1439 1887 theoreticam
1463 1813 1596 1902 tradet,
1624 1811 1748 1886 diebus
1769 1811 1910 1900 Lunae,
1936 1811 2030 1886 Mur·

743 1931 811 2020 tis,
837 1930 1002 2004 Mercurii
1026 1939 1061 2002 et
1086 1930 1172 2003 lovis
1182 1987 2028 2018 ........................
2161 1929 2221 2008 lX.

728 2077 734 2084 ³
792 2050 1051 2125 Astrouomiam
1077 2049 1282 2148 practicam,
1307 2049 1433 2124 iisdem
1458 2049 1583 2125 diebus
1584 2105 2028 2127 .............
2175 2052 2220 2128 X.

792 2170 1070 2276 Astronomiem,
1103 2194 1208 2268 quam
1236 2170 1438 2268 popularem
1464 2179 1605 2260 vocant,
1631 2170 1744 2246 tradet
1764 2170 1888 2246 diebus
1909 2171 2030 2247 Lunae

842 2298 878 2363 et
902 2289 1010 2376 lovis,
1037 2289 1120 2362 hora
1145 2291 1348 2387 vespertina.
1395 2346 2024 2368 ..................
2178 2291 2219 2368 V.

790 2410 887 2484 Artis
912 2409 1118 2482 observandi
1143 2410 1314 2484 exercitiis
1340 2409 1496 2508 quetidie
1521 2411 1681 2509 praeerit.

789 2529 1055 2606 Arithmeticam
1099 2530 1347 2620 universalem,
1387 2531 1458 2606 aive
1499 2531 1712 2632 Algebrsm,
1750 2529 1865 2604 tradet
1905 2529 2031 2606 diebus

835 2649 1002 2725 Mercurii
1026 2657 1062 2722 et
1088 2649 1232 2726 Veneris
1240 2707 2024 2740 ......................
2125 2650 2217 2742 VIII,

884 2779 921 2844 et
945 2769 1002 2844 die
1028 2770 1137 2860 lovis,
1180 2824 2027 2849 ........................
2165 2773 2217 2849 m.

688 2909 726 2970 G.
746 2907 788 2968 Η.
807 2907 866 2967 ΒΕ
882 2909 1022 2969 vultam
1054 2891 1091 2962 in
1128 2889 1225 2964 India
1258 2890 1424 2964 versantis
1459 2887 1591 2965 scholas
1624 2889 1767 2964 habebit
1790 2905 1837 2969 w.
1857 2905 1891 2968 F.
1911 2907 1948 2969 R.
1968 2907 2029 2968 SU-

737 3029 909 3098 BINGAR,
935 3008 1026 3082 Prol.
1053 3007 1223 3082 extraord.

686 3151 721 3213 P.
740 3149 776 3210 L.
797 3148 914 3208 RIJKtt
935 3126 1120 3225 Physicam
1146 3126 1449 3226 experimentalem
1465 3128 1620 3219 docebit,
1636 3127 1760 3204 diebus
1775 3127 1917 3218 Lunae,
1930 3127 2026 3203 Mar·

736 3251 802 3340 tis,
828 3247 1014 3334 Mercurii,
1039 3247 1127 3322 lovis
1153 3258 1188 3322 et
1213 3247 1377 3337 Veneris,
1428 3304 2020 3326 .................
2146 3248 2217 3326 Xll.

786 3370 842 3446 De
876 3367 1036 3468 physices
1067 3367 1239 3468 capitibus
1274 3369 1410 3444 selectis
1434 3369 1537 3444 latius
1564 3377 1600 3444 et
1623 3367 1735 3442 lusius
1761 3367 1926 3458 disseret,
1952 3368 2024 3444 die·

834 3490 904 3564 bus
928 3489 1050 3562 Lunae
1074 3499 1110 3563 et
1135 3489 1310 3566 Mercurii.
1356 3544 2024 3568 ...................
2170 3487 2213 3564 Χ.

781 3610 966 3708 Physicem
992 3611 1271 3686 mathematicam
1296 3611 1431 3699 tradet,
1445 3609 1569 3686 diebus
1594 3608 1719 3684 Martis
1743 3615 1780 3682 et
1804 3607 1912 3699 lovis,
1939 3667 1948 3684 .
1977 3669 1985 3685 .
2011 3667 2020 3685 .
2163 3611 2213 3686 111.

784 3729 967 3802 Exercitiis
994 3729 1145 3827 physicis
1171 3730 1329 3828 practicis
1354 3732 1503 3829 praeerit
1528 3729 1696 3829 quotidie.

688 3867 736 3928 W.
756 3865 790 3926 F.
809 3867 846 3925 R.
867 3866 1087 3936 SUBINGAR,
1112 3847 1203 3922 Prol.
1228 3851 1419 3938 extraord„
1443 3849 1738 3948 morpbologiam,
1757 3847 1967 3923 anatomiam
1988 3855 2025 3923 et

736 3965 988 4068 physiologiam
1024 3965 1220 4065 plantarum
1245 3979 1394 4067 exponet
1420 3969 1545 4044 diebus
1571 3968 1755 4058 Mercurii,
1781 3967 1871 4045 lovis
1894 3977 1930 4044 et
1953 3969 2022 4044 Ve-
2065 4001 2068 4008 ’

736 4087 829 4162 neris
841 4141 2019 4176 .................................
2191 4089 2213 4164 Ι.

783 4205 1080 4308 Phytograpbiam
1101 4213 1137 4280 et
1158 4205 1390 4282 taxonomiam
1409 4207 1607 4306 plantarum
1629 4207 1786 4297 docebit,
1809 4207 1934 4284 diebm
1948 4208 2020 4283 Lu·

784 4353 851 4404 nae
875 4339 911 4402 et
936 4327 1060 4402 Martis
1071 4377 1913 4416 ........................
1917 4337 1949 4425 ῗ.
1976 4387 2021 4405 ..
2079 4328 2153 4405 let
2173 4329 2209 4404 ss.

838 4455 1006 4547 (tempore
1031 4461 1147 4522 tamen
1173 4447 1317 4522 hiberno
1341 4447 1412 4522 sola
1437 4447 1520 4522 hora
1546 4447 1593 4541 I).

785 4567 978 4642 Historiam
1015 4567 1211 4666 plantarum
1247 4567 1382 4642 medica
1415 4567 1542 4664 virtute
1577 4567 1812 4667 praeditarum
1847 4576 1882 4643 et
1917 4568 2019 4669 phar·

832 4687 1056 4786 macognosin
1081 4689 1182 4790 regni
1204 4687 1407 4788 vegetabilis
1431 4687 1545 4763 tradet
1569 4687 1662 4764 horis
1684 4687 1901 4765 auditoribus
1923 4713 2016 4765 eom·

703 4875 739 4902 ,¹
832 4805 957 4884 modis.
