4960 6194
901 683 1180 754 oaarru
1783 684 1862 770 s,

275 918 350 972 rem
383 918 497 972 creare
527 899 716 994 coeperunt
736 901 772 970 et
792 893 898 970 huius
919 893 1061 970 arbitrio
1079 894 1226 972 tutelam
1251 917 1351 970 suam
1373 892 1599 970 committere.
1650 892 1802 968 Restite-

274 1023 357 1091 runt
378 1015 532 1116 primum
556 1015 732 1104 doctores,
758 1015 885 1090 deinde
913 1024 949 1089 et
976 1017 1201 1124 magistratus
1224 1014 1358 1090 urbani.
1411 1013 1620 1089 rScholares
1645 1014 1709 1108 (ita
1734 1013 1799 1108 illi)

277 1135 369 1236 rqui
398 1161 468 1211 non
501 1145 661 1212 exercent
681 1135 928 1234 professionem
956 1135 1128 1235 aliquam,
1153 1136 1215 1211 sed
1238 1135 1304 1210 sub
1324 1135 1562 1210 exercentibus
1583 1136 1674 1209 fiunt
1698 1132 1800 1208 disci·

278 1255 403 1355 epuli,
435 1279 506 1330 non
537 1263 685 1354 possunt
713 1255 841 1354 eligere
872 1255 1050 1344 consules,
1085 1256 1175 1330 sicut
1198 1279 1262 1330 nee
1285 1255 1447 1354 discipuli
1468 1255 1722 1355 pellipariorum
1747 1253 1801 1332 vel

278 1404 296 1446 r
307 1374 484 1450 fabrorum
517 1381 579 1448 aut
616 1372 784 1448 similium
814 1397 1015 1474 corporum:
1052 1375 1210 1474 magistri
1246 1384 1413 1476 possunt,
1446 1376 1529 1474 quia
1552 1375 1620 1476 ipsi
1641 1381 1802 1450 exercent
1898 1433 1903 1444 ,

277 1523 296 1565 r
308 1493 591 1596 professionem.'’

321 1610 617 1688 Animadvertistis
646 1634 795 1709 quaeso,
829 1613 1038 1703 Auditurea,
1073 1638 1204 1690 aaonrs
1230 1607 1428 1716 glossatoris
1452 1613 1624 1703 rationes,
1650 1613 1800 1713 quibus,

272 1740 352 1832 post
389 1754 557 1806 roannarr
580 1753 810 1822 aassrarrnrr,
835 1743 1092 1834 praeceptorem
1120 1760 1247 1823 suum,
1273 1734 1426 1808 refellere
1447 1742 1592 1808 conatur
1615 1759 1800 1832 argumen-

272 1858 375 1941 tum,
410 1877 480 1951 quo
514 1850 785 1926 audacissimum
818 1850 953 1928 facinus
979 1855 1174 1930 defendisse
1197 1855 1359 1929 videntur
1381 1853 1457 1928 alii:
1483 1854 1623 1952 easdem
1647 1851 1802 1928 referunt

273 1979 308 2048 et
338 1971 545 2047 recentiores
579 1971 672 2044 Iuris
708 1971 876 2048 doctores.
927 1974 1065 2050 Scilicet
1087 1975 1132 2050 ad
1154 1975 1299 2073 antiqua
1327 1980 1488 2074 provocat
1510 1975 1674 2072 opificum
1699 1971 1800 2046 colle·

272 2092 350 2192 gia,
383 2092 458 2166 iure
490 2093 650 2166 Romano
677 2091 919 2190 comprobata:
946 2093 982 2168 in
1010 2121 1160 2194 quorum
1184 2119 1329 2170 numero
1351 2103 1450 2169 erent
1473 2093 1651 2168 fabrorum
1675 2090 1800 2166 sodali·

272 2212 339 2300 tia,
360 2236 403 2286 ex
423 2235 539 2286 rnrnrr
558 2221 593 2286 et
616 2234 769 2284 raaraur
783 2212 937 2312 epistolis
951 2213 1049 2288 vobis
1063 2215 1204 2290 abunde
1214 2216 1364 2314 cognita.
1389 2215 1440 2289 At
1452 2213 1578 2289 frustra
1593 2211 1799 2312 provocavit.

273 2332 460 2407 Summum
493 2333 584 2407 enim
619 2331 824 2405 Pontificem
853 2331 1014 2406 adierunt
1052 2333 1218 2422 studiosi,
1255 2333 1317 2431 qui
1352 2354 1471 2406 eorum
1506 2357 1646 2406 causam
1682 2339 1802 2405 contra

272 2452 456 2552 magistros
488 2459 524 2527 et
553 2460 760 2552 potestatem
793 2452 1037 2550 municipalem
1068 2463 1233 2529 tueretur.
1292 2451 1417 2551 Neque
1441 2451 1484 2524 iis
1509 2451 1620 2524 defuit
1642 2473 1801 2524 nonoarr
1848 2503 1851 2508 -

271 2571 334 2646 111
368 2572 561 2647 clementia.
624 2570 850 2643 rMiramur”
885 2570 994 2659 (hisce
1023 2571 1136 2643 verbis
1158 2571 1314 2645 rescribit
1337 2572 1383 2646 ad
1403 2571 1658 2645 Bononiensem
1681 2571 1800 2644 civita·

271 2697 360 2784 tem)
398 2691 544 2788 nquod,
578 2688 671 2762 sicut
709 2686 915 2760 universitas
948 2688 1154 2761 scholarium
1186 2689 1388 2762 transmissa
1420 2691 1521 2762 nobis
1554 2689 1802 2788 conquestione

276 2809 529 2894 rmonstmvit,
564 2831 624 2878 vos
656 2805 852 2876 libertatem
887 2828 1007 2878 eorum
1039 2806 1229 2904 infringere
1258 2808 1440 2880 molientes
1471 2808 1559 2882 dura
1581 2818 1801 2884 contrusam

275 2933 437 3001 ratatuta
459 2924 593 2999 noviter
609 2919 789 3008 edidistis,
814 2945 878 2995 nec
904 2922 998 3020 ipsos
1022 2932 1172 2996 rectores
1197 2923 1251 2997 vel
1275 2924 1485 2998 consiliarios
1506 2927 1715 2998 sustinentes
1739 2925 1800 3000 ha·

276 3046 406 3134 rbere,
432 3045 508 3119 illos
532 3068 620 3143 quos
642 3042 687 3116 ad
711 3041 775 3114 hoc
801 3040 1054 3139 praefecerant,
1075 3051 1256 3142 tamqnam
1276 3043 1437 3118 bannitos
1456 3044 1630 3120 civitatem
1651 3052 1801 3119 vestram

276 3195 295 3237 n
305 3164 520 3264 compulistis
559 3163 671 3251 exire,
705 3159 975 3259 suggerentibus
1003 3161 1057 3236 vel
1088 3163 1208 3262 legum
1239 3163 1457 3252 doctoribus,
1491 3163 1572 3262 qui,
1606 3186 1676 3236 non
1705 3186 1799 3236 com·

274 3284 424 3358 omunia
457 3284 639 3358 commoda
661 3282 723 3357 sed
747 3281 882 3381 privata
903 3290 1124 3378 quaerentes,
1150 3291 1263 3372 stare,
1291 3290 1330 3356 ut
1354 3279 1582 3371 tenebantur,
1608 3279 1800 3354 sententiae

274 3413 477 3480 erectorum
503 3404 710 3478 scholarium
735 3401 1033 3477 contemserunt.”

318 3523 445 3622 Itaque
468 3519 648 3595 Pontificis
671 3519 809 3594 decreto
831 3521 1003 3595 stabilitae
1026 3520 1169 3598 fueruat
1196 3519 1401 3596 scholarium
1422 3519 1690 3594 Universitates:
1715 3543 1797 3594 con·

270 3640 407 3717 firmata
436 3641 662 3728 eorumdem,
696 3647 737 3712 ut
773 3639 1057 3738 appellabantur,
1093 3639 1337 3715 irrationabilia
1358 3641 1533 3715 statuta:”
1558 3639 1677 3738 agnita
1700 3646 1736 3712 et
1759 3637 1796 3712 in

270 3771 508 3862 praeceptores
530 3761 723 3833 Rectorum
745 3760 942 3836 auotoritas.
994 3762 1093 3839 Quot
1116 3785 1195 3835 vero
1219 3760 1319 3834 initio
1338 3759 1516 3834 eiusmodi·
1529 3760 1566 3834 in
1587 3759 1704 3834 studio
1726 3759 1795 3832 Bo·

270 3882 429 3956 noniensi
460 3879 656 3957 exstiterint
691 3877 954 3968 universitates,
988 3903 1059 3954 non
1082 3888 1135 3954 est
1160 3888 1232 3955 tam
1255 3880 1352 3954 dictu
1374 3879 1472 3956 facile
1493 3889 1534 3956 ut
1559 3879 1664 3978 vulgo
1685 3877 1794 3954 credi·

271 4005 342 4076 tur:
385 4001 475 4076 duae
512 4005 749 4074 memorantur
784 3998 821 4072 in
859 3998 1016 4074 fontibus
1050 3999 1174 4074 veteris
1206 3999 1282 4075 aevi
1318 3999 1508 4091 historicis,
1544 3999 1795 4074 Universitatoa

279 4121 602 4197 OEtramontanomm
628 4127 664 4193 et
697 4119 1038 4196 ultramontanorum.
1073 4119 1199 4195 Paucis
1227 4131 1344 4196 tamen
1369 4121 1487 4196 lustris
1515 4120 1656 4220 elapsis,
1681 4141 1794 4217 quum

270 4247 407 4339 praeter
431 4241 589 4316 lotorum
622 4237 756 4313 scholas
788 4245 824 4314 et
859 4239 946 4314 aliae
978 4239 1103 4340 aperiri
1136 4239 1343 4340 coepissent,
1368 4241 1581 4315 medicorum
1602 4237 1731 4314 scilicet
1757 4243 1794 4313 et

271 4358 400 4434 artium
432 4358 644 4448 liberalium,
678 4357 803 4434 horum
838 4359 986 4434 studiosi
1015 4385 1120 4435 suum
1144 4360 1212 4435 sibi
1233 4359 1442 4460 expetebant
1464 4360 1658 4435 Rectorem·
1708 4359 1794 4434 Post

271 4477 382 4552 varias
412 4501 494 4554 cum
523 4479 615 4554 Iuris
646 4477 811 4554 studiosis
834 4481 1104 4572 controversias,
1129 4481 1281 4558 admissa
1302 4479 1371 4556 fnit
1390 4488 1546 4581 separata
1568 4503 1688 4556 eorum
1713 4479 1791 4556 uni·

271 4594 445 4684 versitas,
460 4599 661 4672 artrhtcrum
684 4597 825 4670 nomine
848 4595 1007 4695 insignis.

321 4715 476 4815 Singulis
507 4715 800 4792 Universitatibus
828 4739 914 4791 suus
950 4717 1079 4793 Rector
1111 4725 1284 4818 praeerat:
1321 4719 1458 4796 saeculo
1489 4722 1633 4800 demum
1657 4723 1792 4801 decimo

272 4833 395 4935 quinto
424 4835 642 4918 Cismontani
668 4845 704 4914 et
733 4835 991 4914 Ultramontani
1023 4837 1173 4916 eundem
1196 4845 1401 4942 oooptarunt
1425 4865 1604 4920 summam
1626 4843 1694 4920 sibi
1717 4868 1790 4922 nra·
