4912 6214
699 673 763 743 152
1062 669 1320 741 PROGthihlh
1343 667 1587 738 OERTAUNIS
1609 667 1855 739 urrunnun.

1107 955 1173 1054 aa
1199 953 1388 1029 onnam
1411 913 1807 1032 urrinnanonmc.

1440 1173 1471 1250 I.

738 1409 1037 1512 Amphictyonum
1060 1407 1195 1484 consilii
1219 1408 1307 1484 ratio
1332 1416 1367 1483 et
1385 1408 1551 1500 historic,
1576 1407 1762 1510 exploratis
1784 1409 1990 1509 scriptorum
2009 1407 2215 1484 testimoniis

690 1540 726 1608 st
749 1539 1054 1610 monumentorum
1079 1527 1236 1618 indiciis,
1262 1539 1465 1630 exponatur.

1430 1769 1480 1845 II.

736 1955 946 2090 Instituatur
976 2007 1173 2108 disquisitio
1201 2007 1363 2084 historica
1386 2015 1422 2082 et
1441 2007 1667 2108 grammatica
1687 2008 1731 2082 da
1755 2029 1788 2082 n.
1813 2027 2073 2082 nnrnnoornnr
2096 2003 2213 2083 critica

685 2141 759 2212 arto
782 2133 819 2208 iu
844 2128 1033 2206 tractandis
1057 2127 1154 2202 libris
1177 2127 1251 2218 IV,
1275 2127 1310 2200 V
1332 2135 1368 2204 ct
1390 2127 1443 2202 VI
1469 2127 1631 2203 chronici
1655 2127 1755 2202 Mem
1781 2125 1905 2204 Stolrii.

733 2254 793 2330 Ad
817 2275 923 2352 quam
948 2247 1186 2348 quaestionem
1211 2245 1323 2346 patrio
1348 2271 1505 2322 sermone
1528 2247 1729 2350 responderi
1752 2251 1900 2348 oportet.

1136 2507 1202 2582 AB
1227 2507 1417 2583 ORDINE
1441 2509 1757 2585 MEDICORUM.

732 2775 922 2858 Quaeritur
961 2769 1146 2870 descriptio
1184 2770 1370 2868 glandulae
1409 2777 1601 2870 promotae,
1634 2770 1792 2871 inprimis
1828 2769 2020 2861 humanae,
2052 2770 2210 2846 iconibus

681 2899 871 2983 illustrata,
895 2891 1058 2992 penitiori
1084 2887 1189 2964 etiam
1212 2897 1385 2964 structura
1408 2891 1632 2991 microsoopio
1661 2889 1843 2991 indagata,
1869 2889 2016 2980 additis,
2041 2916 2131 2991 quoe
2152 2891 2210 2967 de·

680 3017 778 3094 fendi
801 3012 954 3115 possint,
979 3007 1197 3086 consectariis
1221 3008 1475 3109 physiologicis.

729 3137 789 3212 Ad
813 3156 920 3234 quam
944 3128 1181 3230 quaestionem
1205 3128 1310 3203 eham
1335 3130 1447 3228 patrio
1471 3153 1629 3206 sermone
1651 3131 1859 3232 respondere
1883 3129 2010 3207 licebit.

839 3393 905 3468 AB
930 3389 1119 3468 ORDINE
1144 3387 1537 3465 DISCIPLINARUM
1562 3387 2040 3466 MATHEMATIOARUM

1229 3511 1293 3587 ΕΤ
1316 3509 1650 3587 PHYSIOARUM.

1426 3750 1455 3825 Ι.

726 3969 853 4047 Gritice
877 3971 1086 4068 exponatur,
1113 3963 1198 4062 quid
1222 3964 1411 4040 innotuerit
1435 3965 1479 4040 de
1503 3964 1753 4042 elementorum
1776 3965 1963 4066 ullotropia.

1410 4203 1461 4279 11.

564 4543 566 4548 Ι
724 4450 782 4525 Sic
816 4447 1037 4548 explorentur
1068 4443 1223 4544 quinqua
1256 4443 1453 4543 plantarum
1484 4443 1727 4546 indigenarum
1755 4447 1904 4548 species,
1930 4452 1970 4520 ut
1994 4443 2123 4520 rectius
2144 4441 2197 4516 in·

674 4568 851 4666 telligatur
885 4591 998 4642 nexus
1030 4565 1122 4640 inter
1144 4563 1268 4640 radicis
1291 4565 1513 4642 directionem
1537 4575 1643 4666 atque
1665 4567 1941 4656 incrementum,
1966 4573 2003 4641 et
2028 4564 2092 4642 soli
2115 4587 2197 4640 eon·

674 4686 842 4763 ditionem
864 4692 937 4761 tam
961 4684 1139 4784 physicam
1164 4709 1270 4784 quam
1294 4684 1493 4760 ohemioam.

720 4806 780 4884 Ad
803 4805 867 4882 has
890 4803 1109 4905 quaestiones
1133 4805 1238 4880 ctiam
1262 4805 1374 4906 patrio
1398 4830 1555 4882 sermone
1579 4806 1784 4907 respondere
1808 4805 1934 4908 licebit.
