4900 6196
838 779 1023 846 ·oaco
1058 731 1385 848 cacrrouuu.

367 1011 393 1065 1.
429 1009 607 1062 uuruaea
644 1009 716 1060 vau
752 1009 885 1076 curer,
919 989 997 1060 Iar.
1030 987 1128 1062 Rom.
1167 997 1201 1062 et
1233 988 1414 1062 Hodierni
1434 991 1580 1078 Ductor,
1613 991 1690 1066 Ior.

417 1107 619 1201 Professor,
653 1107 895 1188 Institutionea
925 1107 1155 1183 Iustinianeas
1184 1107 1370 1208 explicabit
1398 1107 1523 1210 diebus
1552 1109 1691 1200 Lunae,

417 1225 562 1314 Martis,
596 1225 762 1301 Mercurii
786 1235 822 1300 et
851 1227 961 1316 Iovia,
996 1227 1079 1302 hora
1104 1283 1691 1306 .................
1841 1232 1887 1310 X.

466 1343 657 1419 Historiam
690 1344 782 1420 Iuris
806 1345 956 1420 Romani
977 1346 1091 1420 tradet
1118 1345 1242 1420 diebus
1264 1346 1405 1436 Lunae,
1430 1347 1572 1435 Martis,
1598 1349 1691 1422 Mer·

515 1464 603 1538 curii
625 1473 661 1538 et
684 1464 798 1552 Iovis,
824 1465 906 1540 hora
953 1522 1651 1544 ....................
1673 1527 1687 1565 Ι.

467 1583 774 1684 Enoyolopaediam
798 1585 889 1658 luris
911 1584 1049 1659 docebit
1073 1584 1197 1660 diebus
1220 1585 1341 1660 Lunae
1368 1593 1403 1660 et
1425 1585 1535 1674 Iovis,
1561 1587 1643 1662 bora
1658 1644 1691 1663 ..
1819 1589 1886 1665 IX.

467 1703 530 1777 Ius
555 1703 710 1778 Naturae
736 1713 885 1802 exponet
909 1702 1034 1778 diebus
1059 1704 1201 1794 Martis,
1227 1703 1310 1780 hora
1347 1762 1355 1780 .
1392 1759 1689 1783 .........
1819 1708 1886 1783 ΙΧ.

566 1831 601 1898 et
625 1823 788 1912 Veneria,
814 1824 897 1898 hore
922 1879 1690 1903 ......................
1840 1828 1887 1905 X.

468 1943 697 2019 Oeconomico
733 1943 891 2044 politicae
923 1943 1091 2043 principia
1115 1943 1227 2046 tradet
1251 1943 1375 2018 diebus
1397 1943 1519 2019 Lunae
1541 1953 1577 2019 et
1599 1945 1692 2020 Mer·

518 2063 624 2150 curii,
650 2063 733 2138 hora
767 2120 775 2138 .
810 2119 1692 2140 .........................
1803 2066 1888 2144 XII.

468 2182 603 2256 Solecta
621 2182 708 2258 luris
729 2182 920 2256 mercatorii
942 2181 1055 2281 capita
1070 2189 1219 2280 exponet
1234 2181 1317 2256 hora
1330 2181 1546 2258 auditoribus
1560 2182 1695 2284 sibique

517 2301 709 2378 commoda.

370 2443 410 2497 aa.
437 2445 462 2495 1.
488 2444 574 2509 cor,
601 2421 716 2494 Moti.
738 2418 836 2520 May.
856 2421 951 2495 Phil.
971 2421 1057 2495 Nat.
1078 2421 1196 2509 Dect,
1216 2423 1372 2496 Olonico
1385 2422 1588 2518 Prcp‘eecor,
1606 2423 1705 2514 Cha,

420 2539 527 2614 miam
559 2564 739 2638 corporum
770 2539 1056 2639 enorganicorum
1084 2541 1222 2616 docebit
1249 2541 1373 2628 diebus
1400 2541 1542 2632 Lunae,
1572 2543 1697 2618 Martis

421 2672 457 2734 et
481 2659 595 2747 Iovis,
620 2658 704 2733 bora
747 2716 1302 2736 ................
1303 2638 1310 2657 ’
1330 2717 1702 2739 ...........
1827 2663 1894 2740 ΙΧ.

469 2777 652 2852 Chemiam
682 2803 864 2878 corporum
888 2779 1127 2880 organicorum
1152 2781 1266 2856 tradet
1293 2779 1417 2856 diebus
1439 2780 1580 2870 Martis,
1605 2781 1698 2857 Mer-

520 2897 608 2978 curii
631 2903 667 2971 et
690 2898 804 2986 lovis,
830 2897 912 2974 hora
930 2955 1702 2979 ......................
1849 2902 1896 2978 Χ.

472 3017 527 3090 De
552 3023 625 3092 erte
648 3017 927 3116 pharmaceutioa
951 3017 1096 3093 disseret
1120 3019 1177 3094 die
1200 3018 1342 3112 Lunae,
1367 3019 1450 3096 hora
1473 3079 1698 3099 .......
1848 3023 1896 3102 X.

487 3113 500 3132 ⁵
571 3144 608 3211 et
630 3136 816 3227 Mercurii,
842 3137 925 3213 hora
966 3193 1701 3218 .....................
1830 3143 1898 3222 ΙΧ.

472 3256 739 3356 Technologiam
772 3256 962 3332 chemicam
996 3257 1179 3348 tractabit,
1213 3257 1338 3333 diebus
1360 3266 1396 3332 et
1419 3259 1512 3334 horis
1538 3260 1702 3336 auditori·

522 3374 590 3450 bus
613 3375 814 3452 commodis.

473 3493 655 3568 Chemiam
685 3494 956 3595 physiologieam
989 3504 1051 3572 aut
1081 3497 1245 3574 Chemiae
1273 3497 1417 3574 lorensis
1441 3499 1555 3598 capita
1578 3499 1704 3576 selecta

522 3613 657 3687 tradere
681 3622 822 3713 paratus
846 3623 909 3690 est.
1546 3642 1547 3646 ’

475 3731 653 3807 Chemiam
676 3733 882 3832 analyticam
905 3734 1031 3809 docens
1053 3735 1208 3834 quotidie
1232 3736 1393 3811 exercitia
1412 3736 1646 3812 moderabitur
1666 3737 1702 3812 in

524 3850 745 3941 laboratorio,
771 3851 833 3926 ubi
858 3852 1115 3952 experientibus
1140 3861 1277 3954 praesto
1297 3855 1362 3930 erit
1384 3879 1416 3930 c.
1443 3879 1566 3931 waere
1589 3881 1649 3932 uz.

393 4006 401 4014 ⁴
474 3969 729 4045 Provectiorum
754 3971 932 4071 colloquiis
953 3974 1100 4072 praeerit
1124 3973 1207 4049 hora
1232 3974 1313 4049 dein
1337 3974 1589 4051 constituenda.

378 4113 403 4168 1.
420 4111 494 4164 vau
508 4113 672 4182 vaureu,
690 4091 802 4166 recol.
820 4092 937 4180 Dect,
954 4093 1039 4194 Litt.
1056 4095 1156 4192 Belp.
1173 4101 1208 4168 et
1220 4093 1317 4169 Hert.
1334 4094 1483 4170 Patriae
1496 4095 1699 4191 Proptececr,
1820 4133 1831 4164 s

426 4207 618 4284 Historiam
641 4209 771 4308 patriae
793 4211 905 4286 tradet
931 4210 1055 4286 diebus
1069 4211 1209 4300 Lunae,
1226 4212 1350 4287 Martis
1362 4220 1398 4287 et
1409 4214 1593 4303 Mercurii,
1615 4215 1699 4292 hora
1807 4219 1894 4297 XII.

477 4328 746 4404 Grammaticam
766 4337 805 4404 et
821 4329 971 4405 Litterae
993 4331 1237 4408 Neerlandioas
1257 4338 1293 4406 et
1314 4339 1495 4431 praecepta
1517 4333 1587 4408 stili
1608 4333 1697 4410 bene

526 4447 745 4540 Neerlandici
762 4447 900 4524 docebit
918 4447 1042 4525 diebus
1061 4451 1202 4540 Lunae,
1222 4451 1346 4526 Martis
1364 4459 1400 4526 et
1413 4453 1596 4542 Mercurii,
1613 4454 1696 4532 hora
1862 4460 1893 4538 Ι.

477 4566 640 4666 logicam
668 4567 806 4644 docebit
833 4567 957 4644 diebus
981 4570 1103 4646 Lunae
1126 4579 1161 4646 et
1186 4571 1369 4660 Mercurii,
1397 4571 1481 4647 hora
1506 4629 1697 4653 ......
1823 4579 1894 4657 ΙΙΙ.

476 4685 649 4762 Exercitia
682 4687 828 4764 oratoria
857 4697 893 4763 et
929 4688 1085 4766 stilistioa
1110 4690 1346 4767 moderabitur
1370 4689 1427 4766 die
1451 4690 1591 4782 Lunae,
1617 4692 1701 4769 hora
1845 4698 1894 4776 ΙΙ.

575 4813 612 4880 et
642 4807 785 4897 Martia,
820 4807 904 4883 hora
930 4865 1699 4892 ......................
1826 4818 1897 4897 ΙΙΙ.

477 4923 746 5001 Grammaticam
780 4926 962 5003 Gothicam
992 4937 1028 5004 et
1054 4931 1323 5007 Grammaticam
1346 4931 1546 5030 litterasque
1569 4933 1701 5033 Angla-
