4960 6194
693 656 736 720 14
1317 647 1342 712 1.
1377 645 1441 710 DE
1474 643 1593 710 WAL

741 977 909 1056 Inclinato
925 975 1067 1050 vudum
1087 993 1259 1048 sacrorum
1280 967 1521 1044 emendatione
1539 989 1644 1040 novas
1658 963 1696 1038 in
1715 963 1992 1064 septentrionalia
2010 965 2218 1044 Germaniae

689 1100 758 1182 oris
786 1106 892 1196 atque
914 1096 950 1170 ia
977 1093 1185 1171 Neerlandia
1210 1096 1328 1164 nostra
1347 1085 1505 1162 conditas
1523 1109 1599 1162 esse
1617 1083 1842 1172 Academias,
1862 1085 2034 1160 novimus.
2058 1085 2218 1164 Primum

690 1245 712 1296 a
748 1239 939 1302 rarnrrro,
969 1207 1190 1310 Magnanimi
1228 1203 1433 1305 cognomine
1456 1202 1589 1301 optimo
1615 1201 1691 1276 iure
1720 1202 1964 1294 condecente,
1988 1205 2218 1282 constitutum

689 1338 837 1436 legimus
875 1332 1073 1408 Universale
1105 1331 1253 1404 studium
1279 1329 1548 1442 Mcqocrpense,
1574 1321 1672 1396 utin
1698 1323 1850 1398 ecclesiis
1880 1324 1945 1416 (ita
1969 1325 2138 1424 seriptum
2160 1351 2218 1400 ex·

689 1465 758 1534 stat
786 1457 822 1530 in
856 1453 1006 1528 formula
1039 1446 1291 1525 reformationis
1313 1443 1586 1542 Hombergensi)
1614 1441 1945 1542 multiplicarentur,
1971 1445 2033 1544 qui
2058 1445 2094 1518 in
2116 1445 2219 1522 verbo

688 1585 724 1652 et
748 1574 910 1650 doctrina
937 1570 1069 1650 eisdem
1103 1569 1298 1668 praesidere
1327 1592 1367 1642 ae
1392 1589 1481 1664 quae
1500 1571 1594 1640 recta
1621 1570 1704 1638 sunt
1729 1563 1909 1638 consulere
1933 1571 2085 1664 possent.
2136 1565 2218 1640 ure».

689 1695 802 1772 decim
823 1701 1030 1792 quaesturae
1051 1688 1277 1776 constitutae,
1300 1686 1394 1762 undo
1416 1682 1658 1760 Universitatis
1678 1682 1944 1758 necessitatibus
1963 1683 2218 1784 providereturr

689 1813 837 1914 singulis
869 1811 1101 1912 professorum
1134 1808 1316 1884 ordinibus
1340 1805 1513 1882 auditoria
1533 1803 1674 1904 publiea
1694 1801 1894 1901 adsignata:
1921 1803 2079 1878 doctores
2102 1803 2219 1882 idonei

691 1935 815 2012 scholis
846 1932 1016 2008 obeundis
1045 1928 1188 2016 adlecti,
1222 1928 1313 2004 inter
1345 1951 1433 2025 quos
1455 1947 1662 2000 memorasse
1690 1922 1787 1997 iuvet
1811 1947 2044 2000 ennaranurr
2065 1947 2219 2000 araneu-

689 2078 863 2132 nauarent
902 2047 1301 2149 noviomago-Geram,
1335 2046 1447 2120 vuum
1486 2043 1625 2144 egregie
1656 2041 1855 2131 cordatum,
1889 2041 1986 2118 brevi
2016 2051 2096 2142 post
2130 2045 2220 2120 eheu

690 2172 886 2274 pestilentia
929 2179 1137 2269 correptum.
1197 2166 1325 2240 Rectcr
1360 2163 1511 2262 denique
1546 2155 1771 2238 Universitati
1805 2163 2000 2263 praelectus
2036 2187 2220 2240 roaauurs

691 2317 911 2380 renuamus,
957 2289 1096 2388 scriptis
1129 2287 1174 2360 de
1202 2285 1277 2360 iure
1302 2282 1395 2358 civili
1429 2308 1470 2357 eo
1499 2291 1654 2382 tempore
1687 2281 1811 2358 clarus.
1861 2283 1932 2358 Hic
1955 2307 2016 2382 per
2039 2283 2220 2360 biennium

690 2438 833 2490 munere
864 2437 928 2486 suo
959 2409 1101 2485 iunctus
1133 2413 1201 2482 est:
1235 2413 1420 2504 sequentes
1439 2429 1597 2478 annuum
1621 2409 1805 2502 gesserunt
1827 2402 2087 2502 magistratum:
2114 2413 2218 2480 aucto

689 2559 768 2608 vero
796 2532 995 2606 docentium
1028 2553 1173 2604 numero
1203 2533 1344 2624 tempus
1373 2525 1553 2624 regiminis
1575 2521 1776 2598 Academici
1798 2547 1841 2598 ex
1866 2523 2059 2622 perniciosa
2085 2523 2219 2598 Proles·

689 2678 807 2730 sorum
832 2651 1062 2726 aemulatione
1088 2646 1246 2723 semestri
1270 2645 1338 2720 tuit
1363 2645 1476 2745 spatio
1499 2641 1811 2740 circumscriptum.

735 2773 946 2870 Exemplum
976 2791 1142 2846 emereri
1165 2765 1326 2840 Hassiaci
1348 2765 1459 2838 secuti
1485 2773 1568 2838 sunt
1591 2762 1651 2837 alii
1673 2759 1861 2860 Principes.
1912 2761 2123 2836 instauravit
2148 2765 2217 2838 Re·

687 2891 858 2994 giomonti
889 2889 1099 2987 praeclaram
1131 2884 1318 2956 Musarum
1338 2881 1456 2954 sedem
1478 2902 1667 2955 euasurus
1692 2879 1850 2956 Marrhio
1871 2879 2220 2979 Brandenburgicus,

687 3005 823 3104 primus
845 3002 1079 3074 Bcrussorum
1104 2998 1188 3076 dux.
1229 3001 1328 3076 Nihil
1351 3002 1550 3102 neglectum
1570 3009 1610 3074 ut
1630 2999 1675 3074 ad
1700 3000 1899 3076 cathedram
1920 3000 2221 3078 conscendendam

688 3129 971 3222 permoverentur
996 3118 1125 3192 viride
1148 3119 1255 3196 literis
1277 3123 1409 3222 optime
1431 3121 1544 3198 merti.
1594 3119 1736 3194 Consilii
1754 3128 1912 3196 auctores
1935 3144 2129 3197 rernrerus
2152 3145 2220 3197 ur·

689 3263 885 3316 caucason
912 3247 948 3314 et
972 3263 1178 3314 roaouruns
1206 3265 1453 3317 emersurus.
1504 3241 1574 3316 Hie
1599 3241 1802 3340 gravissima
1824 3241 1897 3316 visa
1916 3248 1971 3316 est
1992 3245 2148 3340 quaestio
2175 3241 2220 3317 de

689 3361 814 3436 idoneo
839 3361 986 3435 Rectore
1009 3359 1172 3436 vocando.
1223 3362 1382 3438 Primum
1405 3361 1449 3438 de
1474 3384 1757 3436 euarsrorrroao
1780 3383 1870 3436 roua
1894 3361 2110 3460 cogitatum,
2132 3361 2219 3435 Icto

691 3479 1007 3579 Wittenbergensi,
1033 3504 1114 3554 mox
1139 3479 1183 3554 de
1210 3505 1416 3556 arnasano
1444 3502 1644 3566 cnrrvnnsr,
1669 3479 1705 3552 in
1719 3477 1910 3554 Hollandia
1924 3479 2072 3556 erudito.
2124 3480 2218 3554 Mar-

689 3600 768 3676 chio
790 3601 906 3699 ipsum
932 3623 1198 3690 causarerurr,
1223 3593 1474 3676 muranenses
1503 3623 1724 3676 ararnrnnu
1749 3599 1826 3676 eliis
1850 3599 2054 3700 praetulisse
2081 3597 2217 3674 dicitur.

693 3721 849 3796 Tandem
883 3719 1012 3792 electus
1035 3727 1089 3793 est
1111 3743 1293 3798 saoneres
1317 3745 1491 3812 sasinus,
1516 3741 1801 3796 manaucarours
1823 3744 1939 3820 gener.
1991 3719 2143 3820 Cognita
2168 3725 2219 3794 est

693 3837 791 3912 vobis
818 3837 982 3936 praeclari
1014 3837 1263 3914 Reformatoris
1295 3842 1440 3940 epistola
1467 3841 1512 3914 de
1545 3839 1736 3940 aperiundo
1758 3838 1842 3912 ludo
1868 3837 2063 3912 liberalium
2091 3839 2219 3912 artium

693 3957 852 4032 literario.
913 3957 1042 4032 Omnia
1071 3959 1117 4033 ad
1148 3960 1384 4058 antiquiorum
1417 3960 1689 4036 Universitatum
1713 3958 1999 4034 Germanicorum
2021 3957 2219 4054 exemplum

693 4077 894 4177 composita.
953 4077 1008 4152 De
1043 4101 1113 4152 una
1143 4103 1221 4154 vero
1253 4080 1410 4156 Rectoris
1441 4079 1617 4182 provincia
1638 4077 1793 4178 legitime
1817 4077 2043 4154 describenda
2064 4075 2219 4174 insignes
2310 4151 2313 4158 ,

695 4205 787 4274 ortes
816 4221 890 4272 esse
921 4195 1071 4295 legimus
1100 4199 1357 4276 controversias.
1408 4200 1587 4287 Siamus,
1621 4197 1729 4274 soceri
1752 4197 1957 4274 auctoritate
1982 4205 2088 4294 atque
2110 4193 2220 4270 excels

694 4317 801 4392 lentie
832 4315 1035 4415 superbiens
1057 4343 1191 4417 suaque
1214 4319 1426 4396 increscente
1445 4320 1539 4396 lema
1559 4317 1755 4406 confidens,
1772 4325 1976 4416 perpetuum
2000 4316 2068 4390 sibi
2096 4316 2218 4390 Raeto·

696 4437 743 4512 ris
774 4460 902 4512 munus
924 4437 1046 4512 acriter
1067 4439 1291 4540 efflagitabat.
1343 4440 1606 4540 Opreeclnram
1627 4436 1691 4512 viri
1717 4436 1940 4512 modestiam!
1993 4465 2011 4506 r
2022 4435 2220 4534 Intelligere

696 4555 747 4632 ait
770 4579 966 4630 arianarum
986 4580 1056 4630 non
1076 4581 1150 4632 essa
1173 4583 1324 4650 vanum,
1349 4560 1446 4660 quod
1467 4581 1584 4634 auaro
1613 4555 1753 4645 scribit,
1777 4579 1942 4655 magnam
1968 4553 2220 4656 rempublicam

696 4674 810 4774 neque
844 4673 985 4752 excitari
1008 4698 1123 4772 nequa
1143 4671 1337 4754 cobfirmari
1361 4703 1483 4779 posse,
1507 4677 1576 4754 uisi
1597 4675 1642 4752 ab
1664 4675 1782 4774 aliquo
1806 4675 1960 4752 semideo
1984 4674 2218 4775 gubernetur,

697 4804 733 4870 et
761 4817 969 4894 magnopere
993 4803 1128 4894 optare,
1153 4797 1249 4872 omni
1273 4807 1426 4898 tempore
1450 4795 1676 4873 Academiam
1698 4793 1819 4870 florere
1841 4795 1959 4896 aliquo
1979 4793 2107 4872 celebri
2127 4791 2220 4870 viror
