4960 6194
475 1619 480 1626 -
532 1573 773 1638 QUIOUMQUE
799 1574 1036 1638 LITMRABUM
1061 1575 1292 1640 castulone
1317 1578 1551 1660 HdrUS'l'thS,
1581 1583 1815 1672 DOCTRINAE

569 1699 705 1761 LAUDE
727 1700 862 1774 annal,
889 1699 1096 1762 HONOBUM
1118 1701 1167 1762 AO
1188 1701 1396 1764 MUNERUM
1415 1704 1638 1770 masmanna
1659 1687 1815 1772 coNnPl·

571 1824 654 1900 CUI,
674 1825 756 1888 AUT
775 1825 1090 1888 DISCIPLINARUM
1109 1827 1254 1890 STUDIO
1275 1827 1464 1905 mannan,
1494 1831 1577 1894 1100
1597 1833 1721 1895 uuam
1741 1834 1811 1896 Dm

571 1947 642 2009 1110
663 1948 842 2025 annania,
863 1949 1089 2014 nonnosus
1109 1950 1395 2016 HUMANISSIMII

330 2619 509 2718 Depositis
549 2622 756 2721 traditisque
790 2621 1034 2698 Universitatis
1070 2622 1414 2721 magduno-Bataua
1448 2625 1618 2716 fascibus,
1655 2627 1699 2700 de
1732 2627 1809 2725 ipro

279 2740 439 2814 Rectoris
468 2739 650 2834 Magnifici
681 2765 824 2834 munere
857 2741 1014 2814 dictmus
1049 2741 1189 2838 prodeo.
1248 2741 1342 2816 Love
1373 2743 1452 2840 quis
1475 2744 1601 2818 dixerit
1621 2769 1808 2844 argumen-

278 2865 357 2934 tum
386 2865 422 2932 et
448 2855 493 2931 ab
524 2855 670 2930 huiusce
691 2857 762 2932 diei
789 2857 1006 2932 solemnitate
1034 2857 1213 2932 alienum?
1261 2860 1493 2958 Magistratus
1514 2863 1716 2938 Academici
1740 2867 1807 2940 ori·

277 2979 378 3079 gines
401 2985 506 3074 atque
526 2975 704 3052 historiam
722 3001 742 3050 a
762 2975 817 3052 bis
842 2985 1082 3054 sexcentorum
1106 2977 1282 3078 provincia
1299 2979 1504 3056 exeuntium
1523 3005 1670 3056 numero
1692 2981 1808 3060 adhuc

277 3100 385 3176 fuisse
405 3097 579 3172 neminem
605 3097 668 3195 qui
693 3106 898 3196 exponeret,
923 3123 964 3174 eo
988 3099 1100 3198 magis
1119 3099 1284 3198 equidem
1304 3099 1430 3191 miror,
1454 3125 1524 3200 quo
1546 3099 1700 3201 penitius
1722 3100 1808 3176 haec

277 3243 314 3294 se
334 3217 450 3294 animo
470 3239 549 3290 meo
567 3213 720 3290 infixerit
740 3216 930 3306 sententia,
954 3217 1088 3292 nullam
1107 3243 1248 3318 prorsus
1270 3219 1479 3296 efflorescere
1500 3229 1536 3296 et
1558 3227 1649 3296 stare
1671 3219 1805 3298 nedum

171 3399 176 3410 .
276 3339 396 3438 augeri
426 3361 527 3436 posse
562 3335 732 3410 bonarum
766 3337 944 3412 literarum
967 3339 1160 3428 officinam,
1180 3338 1280 3414 cuius
1303 3340 1476 3440 principes
1497 3340 1645 3440 imperio
1676 3339 1806 3416 efficaci

278 3487 318 3537 ac
339 3458 510 3560 dignitate
534 3463 618 3530 sunt
642 3456 811 3534 destituti.
862 3459 1034 3558 Tempore
1056 3458 1186 3534 mutari
1207 3459 1367 3536 videmus
1388 3467 1424 3534 et
1451 3484 1534 3535 cum
1558 3457 1645 3558 ipsis
1667 3465 1805 3534 nostras

276 3579 444 3655 derebus
469 3576 632 3652 humanis
657 3576 788 3676 optime
814 3578 1065 3654 constituendis
1092 3579 1364 3678 ordinandisque
1393 3579 1592 3680 opiniones:
1624 3577 1692 3652 alia
1722 3601 1802 3652 exo·

275 3699 335 3774 riri
360 3698 533 3774 cemimus
554 3697 813 3796 disciplinarum
845 3699 993 3800 templa,
1018 3699 1086 3774 alia
1109 3699 1249 3774 dissolvi
1272 3723 1312 3774 ac
1339 3698 1495 3776 convelli.
1525 3695 1696 3772 Nondum
1722 3719 1803 3770 vero

275 3819 456 3894 consenuit
482 3825 587 3916 atque
611 3817 783 3894 exstincta
803 3818 892 3894 iacet
914 3819 1099 3894 auctoritas
1123 3818 1219 3908 eius,
1244 3818 1344 3894 errius
1367 3816 1574 3917 prudentiae
1601 3823 1637 3890 et
1658 3813 1802 3890 consilio

274 3939 427 4039 primum
451 3936 599 4012 barbaro
628 3939 725 4036 qnod
761 3939 882 4014 dicunt
916 3939 1023 4014 medii
1052 3938 1128 4014 aevi
1158 3945 1314 4037 tempore
1340 3937 1616 4014 Universitatum
1644 3934 1801 4010 modera-

275 4083 355 4136 men
385 4059 619 4134 eommissnm.
638 4058 725 4148 fuit;
762 4067 986 4160 servaturque
1008 4058 1140 4158 ubique
1163 4065 1332 4134 terrarum
1355 4083 1483 4133 nomen
1511 4054 1707 4156 antiquitus
1732 4054 1820 4152 ipsi.

276 4177 457 4254 tributum.
506 4178 632 4255 Paucis
654 4177 763 4278 igitur
789 4177 903 4256 dicam
926 4182 969 4254 de
997 4182 1144 4256 maneus
1167 4180 1326 4254 Baeturia
1351 4179 1534 4278 Mapm'ficr'
1554 4177 1684 4273 orr'picc
1709 4174 1797 4248 eius·

274 4325 341 4400 qne
373 4300 510 4374 meandi
536 4301 671 4374 ratione
705 4302 848 4376 diacos
878 4300 1080 4398 temporibus
1112 4325 1154 4372 cc
1173 4299 1255 4372 locis
1278 4299 1425 4372 diversa.
1473 4295 1547 4368 Vos
1571 4301 1710 4381 autem,
1735 4290 1799 4390 qui

274 4442 332 4494 me
355 4418 436 4517 plus
461 4418 567 4492 semel
586 4419 630 4494 de
658 4443 755 4496 meae
776 4419 977 4520 disciplinae
1006 4417 1217 4520 praestantia
1243 4415 1348 4516 verba
1371 4413 1555 4490 facientem
1579 4411 1797 4488 humanitate

274 4547 386 4612 vestra
419 4538 593 4637 prosecuti
625 4539 730 4628 estis,
764 4563 858 4616 nunc
889 4564 1051 4640 quoque,
1076 4535 1140 4613 ubi
1164 4560 1386 4614 communem
1411 4559 1552 4613 ceumm
1584 4557 1670 4634 ago,
1696 4528 1799 4607 auras

272 4657 362 4734 mihi
384 4657 549 4734 benevole
572 4659 814 4738 commodetis.

918 4831 1155 4846 ..uu—*⁸
