4960 6194
907 679 1187 752 ORATIO.
1768 687 1810 755 11

330 893 487 969 Maxima
510 893 548 970 in
568 892 691 968 Italiae
711 890 836 967 scholis
861 893 1019 968 Rectoris
1040 891 1237 970 auctoritas.
1286 888 1466 967 Bononiae
1491 892 1655 968 omnibus
1679 895 1809 972 archie-

279 1013 429 1114 piscopis
463 1024 570 1114 atque
602 1011 772 1112 episeopis
802 1013 1048 1110 praecedebat,
1082 1013 1233 1112 exceptis
1268 1011 1371 1086 modo
1405 1012 1645 1088 archidiacono
1678 1023 1713 1088 et
1735 1017 1807 1116 epi·

280 1157 384 1232 scopo
405 1133 628 1210 Bononiensi.
655 1131 798 1207 Saeculo
822 1132 965 1208 demum
990 1133 1124 1208 decimo
1148 1132 1271 1232 quinto
1296 1141 1443 1207 exeunte
1464 1134 1647 1208 necessisse
1670 1135 1807 1212 ridetur

280 1255 462 1353 Mapna'ficr‘
483 1255 617 1328 titulus.
667 1250 905 1349 Principatum
932 1254 1033 1351 quasi
1059 1253 1226 1350 adeptus,
1251 1250 1399 1326 docendi
1424 1278 1465 1328 ac
1492 1253 1648 1328 manendi
1671 1255 1804 1330 studio·

280 1397 338 1446 eoa
366 1372 458 1448 intra
489 1373 592 1447 officii
621 1371 708 1444 fines
730 1371 950 1447 continebat:
978 1372 1234 1446 universitatem
1261 1394 1401 1447 omnem
1422 1373 1684 1448 moderabatur:
1711 1374 1806 1475 leges

279 1493 430 1582 ferebat,
463 1492 523 1565 ubi
551 1515 640 1590 opus
676 1499 789 1579 esset,
816 1515 990 1590 suumque
1014 1492 1166 1568 habebat
1186 1490 1359 1580 tribunal,
1387 1492 1480 1566 unde
1502 1493 1557 1566 ius
1579 1494 1716 1569 diceret.
1744 1497 1803 1570 Iu·

278 1613 469 1686 risdicticni
490 1610 647 1686 Reotoris
667 1609 834 1685 suberant
854 1612 971 1686 cuncti
993 1611 1149 1687 doctores
1166 1597 1205 1685 ac
1226 1611 1406 1710 discipuli,
1427 1610 1651 1687 iurisiurandi
1670 1614 1805 1690 vinculo

277 1731 446 1807 adstricti.
505 1733 719 1830 Frequentes
740 1730 831 1806 iuter
858 1731 1100 1830 magistratum
1130 1731 1303 1805 urbanum
1328 1739 1363 1804 et
1386 1731 1569 1806 Rectorem
1594 1733 1804 1824 discordiam

277 1851 461 1951 pleraeque
491 1851 701 1926 Pontificum
729 1850 876 1924 decretis
899 1851 1072 1950 placatae,
1098 1876 1188 1951 quae
1218 1851 1490 1926 Univeraitatum
1514 1852 1649 1927 iuribus
1674 1877 1804 1952 angen·

279 1969 333 2046 dis
357 1971 536 2046 favebant:
563 1971 644 2046 hinc
665 1995 804 2068 quoque
825 1971 962 2046 nullum
981 1997 1096 2047 coram
1123 1973 1271 2046 Rectore
1294 1971 1439 2070 capitale
1466 1973 1607 2048 crimen.
1658 1971 1804 2048 Nationi

278 2091 420 2166 undem
440 2090 669 2164 Germanicae
690 2115 913 2181 concessum,
938 2100 980 2166 ut
1000 2091 1068 2191 ipsi
1091 2091 1146 2166 ius
1175 2091 1347 2166 diceretur
1372 2117 1393 2166 a
1416 2092 1489 2166 suis
1514 2091 1804 2190 procuratoribus.

278 2203 282 2208 ’
324 2211 405 2285 Alis
435 2211 577 2286 omnino
609 2209 851 2286 Universitatis
889 2211 1153 2286 constituendae
1177 2219 1283 2311 atque
1308 2211 1602 2286 administrandae
1628 2212 1716 2286 ratio
1738 2210 1807 2284 luit

277 2330 314 2405 in
350 2330 466 2406 schole
495 2329 690 2406 Perisiensi.
741 2331 833 2405 Sunt
863 2333 924 2431 qui
960 2333 1178 2420 existiment,
1210 2357 1288 2406 cern
1322 2331 1467 2406 ineunte
1498 2331 1634 2406 saeculo
1666 2331 1807 2405 XllIa

278 2472 453 2526 rnrnrero
475 2473 641 2525 aoeosro
664 2449 804 2548 publice
827 2475 903 2524 esse
924 2452 1118 2526 conditam:
1144 2450 1272 2524 rectius
1301 2474 1379 2524 rere
1402 2449 1549 2538 dixeris,
1575 2448 1669 2523 hune
1693 2447 1807 2524 crimi-

278 2570 392 2644 nalem
428 2570 615 2668 praepositi
646 2568 851 2642 Parisiensis
879 2569 1151 2641 iurisdictionem
1171 2569 1209 2640 in
1231 2568 1343 2642 causis
1369 2569 1538 2645 scholares
1569 2568 1807 2668 spectantibus

279 2688 474 2762 accuratius
499 2686 696 2760 definivisse
721 2693 828 2783 etque
852 2685 1040 2760 ordinasse.

327 2805 372 2878 In
396 2805 512 2877 studio
532 2804 718 2876 Parisiensi
743 2826 812 2875 non
827 2805 951 2899 plures
976 2809 1166 2876 cernuntur
1187 2802 1457 2890 Universitater,
1477 2804 1539 2878 sed
1559 2830 1627 2878 erro
1647 2813 1806 2895 tantum,

278 2949 340 3024 per
361 2932 512 3023 quatuor
535 2921 693 2996 nationes
717 2921 899 3021 descripta.
950 2923 1091 2998 Mutata
1114 2931 1311 3020 temporum
1335 2921 1533 2994 conditione
1559 2924 1717 3020 singulae
1730 2925 1808 3022 qui·

279 3044 360 3118 dem
394 3051 530 3118 exortae
553 3049 636 3115 suut
658 3041 840 3116 facultates
866 3042 1077 3141 superiores,
1102 3042 1328 3140 Theologiae,
1353 3041 1550 3116 Medicinae
1576 3051 1612 3116 et
1635 3043 1808 3143 Iurispru·

280 3163 437 3251 dentiae,
475 3187 565 3260 quae
598 3167 678 3260 post
716 3161 808 3236 veria
850 3161 1000 3237 fatorum
1037 3162 1236 3238 discrimina
1271 3187 1311 3236 eo
1347 3171 1597 3262 peruenerunt,
1634 3173 1673 3238 ut
1705 3189 1810 3240 suum

278 3303 437 3380 quaeque
467 3281 632 3355 fundaret
652 3280 856 3378 collegium3
883 3283 1004 3356 sedin
1029 3282 1105 3382 ipso
1130 3281 1374 3357 Universitatis
1397 3283 1642 3394 gremioquasi
1655 3284 1809 3360 residen-

277 3401 329 3476 tia
357 3401 482 3476 haecce
513 3401 657 3500 collegis
687 3409 861 3476 Decorum
897 3403 1091 3493 habebant,
1125 3403 1304 3478 Rectorem
1339 3427 1410 3477 non
1433 3403 1621 3480 habebant.
1673 3407 1810 3484 Quarta

281 3545 360 3596 vero
390 3521 536 3597 facultas
565 3522 762 3596 Literarum
798 3547 839 3598 ac
859 3523 1119 3623 Philosophiae,
1144 3523 1181 3596 in
1205 3529 1354 3622 quatuor
1378 3523 1578 3612 nationum,
1602 3525 1808 3613 Francicae,

281 3641 665 3741 Anglo-Germsnicae,
690 3643 886 3718 Picardicae
910 3653 945 3718 et
965 3644 1219 3719 Normannieae
1238 3642 1382 3741 collegia
1399 3642 1467 3716 fnit
1484 3643 1593 3717 divise
1613 3652 1649 3718 et
1668 3653 1808 3720 strenue

281 3761 348 3836 sibi
379 3763 569 3838 vindicavit
599 3763 757 3838 Rectoris
784 3765 1002 3841 creationem.
1065 3765 1193 3839 Rarius
1219 3763 1351 3850 evenit,
1376 3773 1417 3836 ut
1442 3763 1572 3838 incerto
1599 3763 1746 3838 Rectore
1772 3774 1808 3840 et

280 3881 531 3956 dissidentibus
560 3881 781 3971 nationibus,
817 3883 990 3958 facultatis
1019 3883 1246 3984 Theologicae
1276 3882 1428 3956 decanus
1453 3907 1516 3980 pre
1539 3891 1695 3982 tempore
1719 3883 1806 3958 Uni·

281 4001 433 4076 versitati
464 4009 647 4101 praeesset.
680 4003 919 4103 intelligitis,
944 4005 1154 4091 Auditorss,
1180 4003 1329 4078 Artistss
1352 4027 1421 4076 non
1444 4003 1518 4076 sine
1541 4013 1708 4102 perpetua
1730 4027 1806 4078 cae·

280 4125 431 4196 terarum
472 4121 677 4197 facultatum
716 4121 935 4196 contentione
984 4121 1052 4194 sibi
1097 4121 1329 4220 principatum
1365 4121 1569 4209 retinuisse,
1610 4145 1673 4192 nec
1707 4119 1807 4195 deest

283 4238 479 4335 exemplum
516 4239 658 4329 decani,
693 4240 831 4339 publice
862 4241 1003 4314 Rectori
1036 4241 1279 4315 adclamantis:
1318 4265 1417 4316 arnon
1445 4263 1528 4314 curo
1549 4238 1593 4314 de
1615 4239 1805 4338 praeceptis

284 4355 437 4429 evestris
469 4358 547 4455 plus
578 4360 761 4458 quamde
793 4384 863 4434 uno
894 4360 1040 4436 obolol''
1092 4360 1188 4434 Huic
1212 4369 1330 4434 tamen
1355 4358 1521 4433 continuo
1545 4357 1738 4446 indictum,
1763 4366 1805 4436 ut

218 4557 221 4562 ,
280 4473 362 4549 facti
384 4477 633 4574 poenitentiam
658 4479 796 4578 publice
823 4488 951 4579 ageret.
978 4481 1164 4556 Caeterum
1187 4478 1401 4554 universiteti
1420 4504 1523 4556 nemo
1543 4479 1805 4570 accensebatur,

281 4594 349 4668 uisi
379 4595 663 4695 megister'esset
687 4621 829 4697 regens,
855 4603 890 4672 et
912 4599 1060 4675 formula
1083 4597 1244 4674 solemnis
1265 4623 1335 4698 qus
1355 4589 1559 4676 advectae
1582 4609 1806 4697 nuncupatur

281 4717 514 4814 mophtrcrrm
551 4725 586 4792 et
616 4717 838 4806 scholarium,
862 4719 1061 4794 nullatenus
1086 4719 1211 4819 probat
1231 4719 1285 4796 vel
1310 4719 1492 4798 minimam
1520 4720 1629 4796 fnisse
1652 4719 1803 4818 discipu·

281 4833 393 4914 lorum
417 4835 453 4909 in
480 4835 712 4930 Universitete
736 4837 963 4936 gubernande
987 4840 1182 4917 efficaciam.

1582 4961 1634 5035 2!
