4960 6194
686 685 728 752 16
1312 679 1339 747 1.
1373 677 1437 744 llll
1469 675 1589 744 WAL

683 915 748 968 suo
772 887 1022 990 fungentibus:
1047 893 1224 988 praeterea
1251 885 1453 962 doctoribus
1477 891 1513 960 et
1537 883 1713 986 magistris
1735 883 1799 984 qui
1824 885 1861 960 in
1887 883 1954 962 hac
1975 884 2052 986 ipsa
2076 885 2212 964 Aoede·

683 1011 755 1087 mis
775 1010 920 1086 titulum
944 1007 1084 1084 honoris
1104 1007 1298 1108 acceperint
1317 1013 1354 1082 at
1373 1005 1411 1080 in
1432 1029 1474 1080 ea
1502 1004 1718 1080 domicilium
1739 1005 1897 1081 fixennt:
1917 1005 2041 1081 borum
2054 1006 2212 1082 omnium

683 1131 883 1207 societatem
911 1129 1078 1204 Senatum
1098 1127 1348 1202 Academicum
1368 1127 1520 1202 efficere:
1544 1125 1819 1225 designationem
1838 1125 2211 1226 inaugurationemque

679 1252 784 1352 primi
805 1249 962 1325 Rectoris
983 1248 1038 1322 sui
1058 1245 1193 1322 arbitrii
1215 1246 1302 1322 lore:
1329 1247 1376 1322 ad
1397 1245 1558 1322 calendas
1587 1245 1794 1321 Februarias
1819 1245 1990 1346 cuiusque
2018 1246 2102 1320 anni
2118 1255 2209 1338 tres,

680 1370 741 1471 qui
774 1370 930 1467 linguam
951 1367 1180 1443 Teutonicum
1203 1367 1368 1456 calleant,
1395 1366 1534 1442 maioris
1557 1365 1666 1466 partis
1691 1365 1842 1440 Senatus
1865 1365 2067 1442 Academici
2088 1366 2208 1444 suffra·

680 1489 747 1590 giis
774 1481 1012 1587 designandos
1037 1512 1077 1563 ao
1100 1486 1331 1562 nominandos
1356 1511 1451 1574 esse,
1478 1511 1521 1561 ex
1546 1485 1676 1586 quibus
1699 1485 1774 1586 ipse
1795 1493 1857 1562 aut
1879 1510 1917 1561 se
1940 1484 2084 1561 absente
2105 1487 2210 1564 Curio

680 1609 881 1684 Hollandica
906 1608 951 1682 de
980 1609 1151 1683 sententis
1177 1607 1372 1683 Consulum
1393 1606 1543 1682 civitatis
1565 1605 1747 1682 Leidensis
1771 1629 1882 1679 unum
1909 1605 2060 1704 aliquem
2084 1607 2208 1682 Recto-

678 1755 751 1806 rem
779 1729 1013 1804 renuntiaret:
1038 1728 1090 1803 ita
1115 1734 1233 1802 tamen
1259 1727 1361 1802 utin
1379 1752 1420 1802 ea
1445 1725 1681 1801 nominatione
1705 1725 1735 1800 is
1758 1751 1898 1826 quoque
1918 1733 2030 1814 esset,
2050 1726 2111 1824 qui
2124 1736 2208 1802 tunc

679 1851 846 1950 temporis
870 1851 1055 1924 Rectorem
1080 1857 1216 1947 ageret,
1243 1855 1303 1936 ut,
1328 1847 1358 1921 si
1380 1847 1429 1922 ita
1454 1846 1617 1946 expedire
1646 1845 1838 1934 videretur,
1864 1844 2016 1918 Reoture
2036 1845 2070 1918 ei
2092 1870 2206 1944 proro-

678 1969 754 2068 gari
789 1977 921 2068 posset:
956 1968 1100 2043 tandem
1122 1967 1261 2042 Rectori
1282 1967 1457 2066 integrum
1482 1966 1572 2056 lore,
1597 1965 1775 2041 absentiae
1795 1964 1949 2040 morbive
1971 1989 2093 2054 causa,
2119 1965 2206 2042 vica·

677 2089 768 2164 rium
795 2089 863 2164 sibi
888 2089 932 2163 de
956 2088 1099 2163 oonsilio
1123 2087 1340 2163 adsessorum
1367 2085 1566 2185 subrogare.

728 2208 858 2282 Omnia
886 2207 971 2282 haec
993 2207 1095 2306 plene
1118 2215 1224 2306 etque
1251 2191 1403 2280 dilucide
1425 2206 1597 2304 descripta
1617 2229 1693 2279 esse
1715 2201 1920 2278 credideris:
1952 2203 2068 2303 ampla
2091 2211 2207 2280 tamm

678 2327 885 2415 dubitandi,
919 2326 1096 2400 interdum
1129 2333 1165 2400 et
1200 2325 1462 2400 contentionum
1497 2350 1538 2400 ac
1561 2324 1785 2398 dissensionis
1809 2323 1963 2400 materia.
2016 2325 2059 2398 In
2078 2325 2207 2422 quibus

678 2444 830 2522 breviter
862 2445 1114 2521 adumbrandis
1145 2445 1233 2521 hanc
1260 2471 1447 2544 sequamur
1471 2445 1583 2534 viam,
1609 2453 1650 2519 ut
1676 2444 1830 2544 primum
1855 2443 1900 2518 de
1926 2443 1968 2518 iis
1993 2444 2056 2544 qui
2081 2445 2205 2520 Recto·

676 2590 752 2641 rem
774 2565 982 2654 creaverint,
1009 2565 1135 2639 deinde
1158 2564 1202 2638 de
1225 2590 1265 2638 eo
1287 2565 1349 2664 qui
1370 2565 1499 2639 Rector
1521 2565 1629 2638 creari
1651 2565 1820 2664 potuerit,
1846 2564 2035 2640 videamus.

726 2685 885 2760 Primum
918 2683 1127 2770 Academiae
1152 2683 1337 2758 Rectorem
1360 2707 1586 2760 oornrrrmrns
1615 2685 1781 2784 Princeps
1805 2683 2001 2785 designavit
2021 2707 2206 2760 unruuruu

681 2827 827 2879 ursulus
858 2803 1030 2878 Frisium:
1057 2803 1185 2877 creavit
1209 2811 1245 2875 et
1270 2811 1467 2900 sequentes.
1517 2804 1602 2902 Ipso
1625 2803 1788 2894 absente,
1814 2829 1857 2879 ex
1880 2813 2088 2878 statutorum
2107 2831 2206 2903 praa·

676 2925 826 3022 scripto,
850 2921 1009 2994 Rectoris
1030 2919 1169 2994 creandi
1195 2930 1349 3020 potestus
1372 2921 1499 2996 Curiae
1522 2921 1753 2998 Hellundicae
1778 2922 1996 3000 demandata.
2035 2925 2205 2998 Eiusdem

676 3067 756 3117 vero
790 3041 919 3116 saeculi
952 3064 1044 3114 anno
1079 3041 1292 3139 octogesimo
1326 3049 1424 3116 sexto
1455 3041 1684 3118 delibemtum
1709 3043 1882 3141 adquam
1905 3052 1997 3118 esset
2020 3043 2206 3118 deferenda

675 3161 814 3251 electio,
839 3169 959 3236 utrum
984 3159 1029 3233 ad
1053 3159 1227 3234 Comitem
1249 3185 1461 3236 usunrrron
1485 3186 1530 3236 an
1553 3161 1599 3236 ad
1629 3186 1828 3238 nonnarum
1852 3187 2044 3239 nonnarum
2068 3163 2204 3238 Guber-

675 3288 843 3356 natorem.
879 3279 1129 3378 Magistratum
1153 3278 1337 3355 Urbanum
1362 3280 1399 3354 in
1423 3279 1607 3356 consilium
1634 3281 1795 3358 adhibuit
1822 3283 1992 3371 Senatus,
2017 3305 2203 3356 noulvrau·

677 3423 775 3477 ruas
800 3423 985 3477 voncsruo
1005 3399 1203 3499 interprete.
1229 3401 1426 3476 Annrruos
1446 3425 1608 3477 sansvra
1624 3401 1753 3476 Rector
1771 3425 1852 3476 curn
1869 3425 2042 3478 uoonnuo
2063 3403 2204 3502 Hegam

673 3521 866 3622 proiectus,
902 3527 943 3595 ut
976 3542 1092 3595 coram
1126 3518 1355 3596 Curatoribus
1391 3521 1574 3597 molestam
1604 3527 1722 3621 ageret
1758 3521 2007 3619 quaestionem.
2065 3522 2202 3598 Busrus

675 3639 823 3715 (iurator
846 3639 1000 3739 primum
1025 3639 1162 3714 censuit
1184 3639 1387 3716 adeundum
1413 3665 1488 3717 esse
1508 3665 1723 3718 urourrrou
1747 3641 1941 3732 Comitam3
1966 3649 2046 3742 post
2069 3650 2203 3717 mutatu

674 3759 847 3834 renuntia
878 3757 972 3832 visus
1000 3765 1055 3831 est
1089 3757 1158 3857 ipsi
1189 3758 1435 3857 praeferendus
1464 3782 1719 3836 nurcusruros.
1778 3763 1885 3842 Quod
1919 3771 1955 3837 et
1978 3762 2110 3838 lectum
2136 3767 2199 3838 est

673 3876 837 3952 Errutum
871 3883 989 3951 tamen
1022 3875 1148 3964 luisse,
1185 3876 1222 3950 in
1247 3877 1333 3977 ipsis
1360 3877 1510 3954 Senatus
1543 3879 1629 3954 actis
1663 3877 1822 3979 legimus.
1879 3881 2037 3971 Literae,
2071 3880 2201 3980 quibus

675 4017 861 4071 suurvmu
894 4003 1065 4070 recturam
1096 3997 1295 4096 prorogavit
1318 3997 1559 4090 Gubemator‚
1583 3999 1621 4074 in
1646 3999 1780 4074 seriniis
1803 4001 2022 4076 Academicis
2045 4009 2175 4078 exunt

722 4116 853 4192 Parum
875 4115 1057 4191 dissimilis
1080 4115 1239 4214 quaestio
1258 4140 1350 4192 unno
1373 4141 1551 4206 croroonr,
1576 4124 1823 4217 postmortem
1837 4141 2032 4194 ournrnuur
2042 4120 2100 4208 ΙΙ,
2125 4125 2201 4194 orte

676 4241 740 4310 est.
795 4237 877 4311 Duo
895 4235 1113 4312 Professores
1146 4237 1280 4336 llagam
1313 4236 1412 4312 missi
1440 4237 1487 4312 ad
1520 4237 1672 4312 Ordines
1693 4261 1774 4312 cum
1798 4237 1926 4328 literis,
1951 4239 2081 4339 quibus
2104 4247 2197 4338 pete·

673 4353 779 4430 batur
811 4355 1009 4446 decretum,
1041 4355 1088 4431 ad
1119 4351 1266 4455 quosiu
1288 4365 1465 4456 posterum
1486 4356 1530 4431 de
1555 4358 1703 4433 meando
1722 4383 1812 4434 novo
1833 4359 1981 4434 Rectore
2002 4360 2198 4436 solemniter

673 4483 765 4549 esset
793 4473 1023 4551 referendum.
1080 4475 1319 4551 Decrevenmt
1350 4477 1472 4551 Patres
1493 4477 1690 4578 Conscripti
1711 4503 1749 4556 se
1775 4479 1976 4554 electionem
2000 4478 2069 4554 sibi
2090 4503 2195 4554 raser-

673 4617 765 4670 vare.
820 4595 925 4669 Auno
964 4593 1121 4669 eiusdem
1162 4596 1291 4672 saeculi
1328 4597 1584 4698 septuagesimo
1618 4599 1720 4674 tertio
1751 4601 1891 4676 easdem
1922 4608 2039 4700 partes
2068 4598 2196 4699 recepit

675 4735 899 4790 uornrnnrros
919 4713 990 4791 111.
1045 4711 1269 4792 Vrrnmarus
1291 4723 1410 4792 autem
1426 4723 1544 4794 noster
1568 4717 1763 4797 tricesimus
1781 4719 1996 4826 ultimusque
2015 4720 2085 4798 luit
2106 4719 2194 4796 Reo-

669 4839 725 4910 tor
747 4857 769 4911 a
792 4833 993 4911 Britanniae
1016 4857 1099 4935 rege
1121 4843 1270 4914 orestus.
