4960 6194
690 640 734 706 20
1312 637 1338 703 Ι.
1373 636 1437 702 DE
1470 634 1591 702 Whl.

690 842 945 943 Angustissimi
965 842 1105 918 nomine
1120 840 1411 918 administrandae
1423 849 1458 916 at
1468 839 1572 916 rebus
1582 837 1799 916 Academicis
1810 839 1971 914 curandis
1985 839 2048 917 diu
2059 865 2216 942 praeesse

692 971 816 1063 pergat
847 961 898 1036 vir
925 961 1179 1061 amplissimus,
1217 959 1355 1058 sibique
1379 983 1585 1058 persuasum
1611 958 1755 1046 habeat,
1792 982 1855 1032 nos
1875 983 1996 1036 omnes
2019 987 2083 1062 pro
2108 962 2217 1062 ipsius

692 1084 804 1158 salute
829 1082 960 1156 sincere
982 1079 1092 1154 facere
1117 1086 1205 1154 vota.

742 1203 846 1277 Diem
878 1223 1077 1298 supremum
1108 1197 1196 1271 obiit
1222 1199 1500 1274 consultissimus
1528 1221 1642 1286 noar,
1668 1195 1730 1295 qui
1755 1195 1984 1272 Curatoribus
2004 1223 2066 1297 per
2088 1201 2217 1276 multos

691 1347 800 1397 annos
818 1321 885 1392 fuit
905 1320 949 1392 ab
972 1318 1068 1393 actis.
1094 1316 1216 1392 Virum
1237 1317 1399 1416 lugemus
1420 1318 1636 1392 humanitate
1659 1325 1694 1390 et
1719 1316 1958 1432 benevoleptia
1976 1319 2214 1418 conspicuum.

576 1497 579 1502 .
688 1442 775 1526 Eius
805 1440 919 1512 locum
949 1461 1043 1511 nuno
1074 1460 1241 1535 occupare
1275 1437 1432 1510 videmus
1464 1436 1576 1510 virum
1606 1436 1902 1512 consultissimum
1937 1460 2057 1513 asanaa
2080 1464 2216 1532 anano,

687 1559 897 1634 Academiae
928 1563 1064 1629 nostrae
1085 1555 1260 1653 quondam
1282 1557 1475 1631 alumnum.
1529 1555 1628 1643 Tibi,
1654 1555 1705 1628 vir
1724 1556 1997 1646 consultissime,
2023 1583 2154 1634 munus
2178 1560 2216 1634 in

689 1681 739 1754 Te
769 1679 934 1752 collatum
970 1700 1013 1750 ex
1043 1684 1181 1774 pectore
1210 1677 1374 1774 gratulor.
1432 1677 1548 1750 Tuum
1578 1698 1704 1748 nomen
1728 1677 1937 1751 Academiae
1956 1677 2085 1753 Rector
2106 1679 2143 1753 in
2166 1679 2215 1754 al·

689 1799 776 1871 bam
815 1796 1048 1870 studiosorum
1081 1794 1193 1869 retuli.
1248 1796 1485 1893 Praeterlapso
1516 1794 1754 1893 quinquennio
1783 1797 1833 1869 Te
1863 1805 2039 1894 promotor
2070 1798 2216 1872 summis

689 1917 727 1990 in
758 1917 849 1989 luris
878 1924 950 1990 arte
979 1913 1168 1988 honoribus
1197 1915 1325 1990 ornavi.
1375 1915 1501 2002 Nunc,
1527 1914 1636 1988 lustro
1658 1914 1785 1988 iterum
1813 1915 1970 2004 condito,
1996 1917 2045 1990 Te
2070 1917 2214 1997 Curata·

689 2062 769 2112 rum
800 2035 944 2135 collegio
975 2060 995 2108 a
1028 2033 1166 2107 secretis
1198 2033 1331 2130 primus
1362 2033 1501 2131 publica
1534 2030 1655 2105 saluto.
1714 2031 1841 2130 Pargat
1872 2058 1934 2132 per
1962 2034 2013 2108 ΤΘ
2035 2035 2155 2110 llorere
2177 2035 2215 2109 in

689 2155 755 2230 hac
778 2166 893 2228 nostra
917 2154 1056 2228 civitate
1080 2153 1388 2228 celebratissimum
1415 2175 1652 2228 nozacroanu
1676 2153 1824 2226 nomenl

738 2276 792 2348 Ex
812 2275 1046 2348 Professorum
1069 2273 1189 2346 ordine
1212 2273 1384 2346 neminem
1407 2273 1471 2346 hoc
1496 2297 1587 2346 anno
1611 2279 1721 2344 morte
1744 2271 1934 2348 amisimus.
1974 2274 2112 2348 Auctus
2135 2299 2214 2350 vero

687 2401 723 2468 et
746 2395 976 2492 amplificatus
1000 2403 1053 2466 est
1079 2392 1272 2466 accessione
1297 2391 1445 2466 virorum
1470 2390 1738 2465 clarissimorum
1763 2414 1874 2466 raum
1897 2400 1933 2466 et
1954 2417 2212 2470 asuwnnaorr.

590 2537 594 2546 ·
685 2513 835 2612 Utrique
861 2538 988 2586 munus
1013 2513 1269 2611 elegantissima
1292 2537 1332 2586 ac
1355 2511 1524 2610 perpolita
1544 2511 1697 2584 oratione
1720 2511 1901 2609 auspicato
1917 2537 1958 2586 ex
1974 2513 2214 2588 animofausta

684 2659 844 2732 quaeque
873 2657 998 2728 ,sumus
1032 2631 1226 2727 adprecati:
1261 2655 1380 2729 preces
1411 2631 1534 2704 iterare
1565 2655 1621 2702 me
1651 2629 1750 2703 iubet
1780 2629 1884 2704 huius
1909 2630 1979 2704 diei
2003 2633 2211 2708 solemnitas.

684 2751 895 2826 Ostendistis
923 2751 994 2824 iam
1028 2749 1188 2836 dudum,
1208 2749 1373 2846 collegae
1405 2749 1549 2847 optimi,
1584 2749 1671 2848 quid
1699 2774 1720 2822 a
1742 2749 1852 2822 Vobis
1874 2751 1996 2824 merito
2016 2753 2128 2848 possit
2155 2777 2212 2826 ex·

684 2881 838 2970 spectare
864 2871 956 2942 alma
983 2869 1120 2953 Mater,
1146 2891 1236 2963 quae
1257 2876 1446 2965 utrumque
1473 2866 1636 2942 nutrivit:
1673 2880 1820 2967 utroque
1847 2867 2006 2942 historica
2030 2868 2213 2968 disciplina

682 2987 888 3088 gloriabitur
916 2985 1103 3084 interprete
1138 2986 1346 3084 sagacissino
1383 2987 1510 3086 pariter
1532 3013 1572 3062 aa
1597 2987 1808 3064 fidelissimo.
1859 2988 2039 3088 Pergatis,
2064 3013 2213 3086 quaeso,

683 3109 737 3182 uti
758 3107 954 3204 incepistis:
981 3106 1051 3180 iam
1072 3104 1144 3180 Vos
1175 3114 1293 3196 amant
1318 3107 1489 3206 collegae,
1516 3108 1669 3208 diligunt
1698 3108 1876 3208 discipuli;
1902 3133 1963 3208 per
1986 3108 2126 3208 longam
2153 3133 2212 3184 aa·

682 3252 807 3304 norum
834 3227 957 3300 seriem
982 3235 1133 3300 veterem
1159 3225 1402 3300 Universitetis
1430 3237 1567 3302 nostrae
1592 3229 1725 3302 famam
1749 3229 1944 3304 stabiliatis.
2129 3323 2134 3336 ,

734 3347 814 3421 Tibi
844 3371 923 3421 vero
958 3345 1044 3445 quid
1075 3345 1212 3435 dicam,
1244 3346 1506 3423 honoratissime
1539 3371 1588 3422 na
1617 3349 1743 3423 varas!
1778 3348 1839 3446 qui
1857 3347 2024 3447 collegam
2048 3347 2086 3422 in
2108 3346 2211 3422 rebus

683 3467 805 3566 patriis
839 3466 1034 3542 excolendis
1061 3475 1167 3564 atqua
1188 3468 1402 3566 exponendis
1428 3478 1555 3542 nactus
1579 3493 1634 3558 es,
1659 3471 1708 3543 Te
1729 3453 2002 3567 dignissimum?
2051 3467 2210 3542 Gratula-

684 3585 792 3660 bome
814 3587 894 3661 Tibi
916 3613 1005 3661 onus
1027 3587 1205 3662 levatum?
1230 3588 1299 3662 Cui
1325 3589 1354 3662 si
1377 3587 1519 3662 ferendo
1542 3589 1709 3688 imparem
1733 3591 1782 3663 Te
1808 3589 2057 3688 praestitisses,
2078 3587 2210 3664 facilius

686 3705 858 3802 citiusque
888 3707 968 3778 Tibi
996 3707 1164 3780 auxilium
1195 3707 1318 3782 fuisset
1340 3710 1523 3805 paratum!
1575 3709 1625 3783 Te
1652 3709 1896 3808 persentiscere
1918 3708 2101 3796 novimus,
2126 3707 2210 3807 quid

689 3847 711 3896 a
743 3823 815 3909 Te,
840 3823 1013 3922 originum
1044 3825 1185 3922 linguae
1213 3827 1342 3924 patriae
1368 3827 1507 3927 egregio
1533 3837 1740 3918 scrutatore,
1766 3835 1965 3928 exspectent
1985 3851 2125 3914 omnes,
2150 3825 2210 3926 qui

690 3939 749 4014 illa
785 3949 864 4040 apte
904 3951 939 4015 et
971 3949 1088 4016 ornata
1126 3943 1177 4016 uti
1207 3945 1367 4043 cupiant:
1404 3947 1581 4021 communi
1616 3947 1707 4021 bono
1734 3947 1906 4046 privatum
1938 3945 2209 4021 emolumentum

688 4069 896 4159 postponere
932 4061 1050 4136 nullus
1089 4061 1268 4138 dubitasti.
1318 4065 1418 4143 Quid
1457 4091 1537 4140 vero
1579 4066 1828 4142 Neerlandious
1870 4089 1982 4140 sermo
2018 4065 2128 4138 valeat
2165 4064 2210 4140 ad

689 4180 940 4278 eloquentiam,
976 4182 1133 4281 exemplo
1168 4185 1373 4258 monstrasti
1395 4185 1431 4260 in
1456 4185 1643 4285 Belgarum
1668 4185 1784 4274 festis,
1810 4194 1940 4260 statuta
1970 4206 2207 4260 uanaraarro

690 4301 819 4398 posita:
855 4302 984 4399 quibus
1009 4303 1057 4377 ita
1078 4302 1284 4391 interfuisti,
1311 4313 1350 4376 ut
1371 4305 1421 4378 Te
1449 4304 1591 4380 absente
1615 4305 1824 4380 solemnitati
1846 4305 1915 4380 diei
1936 4303 2127 4403 plurimum
2150 4303 2206 4378 de·

689 4425 839 4492 tractum
869 4418 1001 4494 luisset.
1059 4422 1217 4496 Praemio
1255 4423 1460 4512 honorifico,
1494 4425 1545 4498 vir
1573 4425 1799 4514 amicissime,
1833 4426 1909 4500 Rex
1935 4447 2146 4499 naoronnos
2172 4429 2208 4496 et

691 4536 888 4612 facundiam
909 4547 1008 4614 tuam
1028 4541 1161 4614 ornavit
1181 4549 1216 4614 et
1238 4541 1274 4616 in
1296 4543 1412 4641 ipsum
1434 4567 1703 4620 uananaarrmr
1728 4545 1859 4620 merita.
1912 4543 2019 4623 Quod
2041 4543 2208 4618 laetamur

690 4655 866 4754 impense:
892 4657 1097 4757 nullumque
1122 4661 1212 4734 inter
1230 4663 1391 4736 mortales
1411 4662 1597 4738 beatiorem
1616 4665 1853 4743 existimamus
1877 4689 1994 4740 senam
2012 4675 2074 4740 tuo
2092 4671 2207 4762 patre,

691 4777 753 4874 qui
777 4776 821 4850 de
844 4777 926 4852 filiis
949 4778 1116 4878 gloriatur
1140 4805 1222 4856 suae
1247 4781 1383 4856 virtutis
1407 4781 1563 4858 aemulis.
