4960 6194
787 679 1008 747 rnnlcrn
1043 679 1309 750 ORDINUM.
1766 679 1808 746 31

283 885 440 988 singulae
463 887 549 987 quid
572 886 826 988 significarent,
851 910 971 961 verum
998 883 1105 959 etiam
1130 886 1224 961 unde
1248 885 1415 960 ducerent
1438 886 1617 988 originem.
1668 887 1750 965 Qua
1766 886 1803 960 in

282 1030 319 1082 ra
344 1007 489 1107 dignum
514 1007 619 1084 laude
642 1031 679 1082 se
700 1005 882 1106 praestitit.
931 993 1091 1080 Primum
1113 1006 1206 1080 enim
1228 1005 1408 1104 plerasque
1431 1005 1689 1082 terminationes
1713 1011 1805 1079 recte

281 1124 527 1227 interpretatus
561 1133 615 1201 est
649 1135 686 1201 at
718 1125 1018 1225 interpretationes
1050 1135 1131 1200 suas
1163 1125 1295 1200 idoneis
1329 1127 1543 1224 argumentis
1579 1124 1803 1202 confirmavit.

281 1244 420 1320 Deinde
447 1246 484 1320 in
510 1245 573 1335 iis,
604 1271 694 1344 quae
716 1253 814 1320 erant
835 1244 943 1319 dobin
964 1252 1025 1319 aut
1053 1245 1262 1333 difficiliora,
1291 1245 1454 1320 inanibus
1475 1245 1700 1334 coniecturis,
1726 1245 1803 1345 qui·

281 1365 351 1440 bns
378 1366 443 1442 hac
473 1367 674 1466 praesertim
705 1365 742 1440 in
774 1391 812 1440 re
843 1364 970 1438 eruditi
995 1365 1099 1439 nimis
1123 1366 1304 1465 indulgere
1329 1365 1457 1455 solent,
1482 1367 1671 1466 prudenter
1696 1366 1805 1442 absti-

177 1473 179 1476 ’
281 1485 371 1562 nuit.
422 1487 578 1561 Tandem
612 1511 681 1560 non
715 1485 820 1560 modo
855 1485 1011 1558 affinium
1043 1485 1241 1583 linguarum
1274 1485 1358 1560 satis
1391 1511 1427 1560 se
1453 1487 1604 1586 peritum
1627 1486 1805 1586 probavit,

284 1605 366 1693 sed,
400 1605 495 1704 quod
519 1614 623 1704 caput
647 1604 696 1679 rei
722 1612 795 1694 est,
819 1613 946 1679 rectam
974 1604 1179 1680 methodum
1206 1605 1469 1705 etymologicam
1492 1631 1529 1681 se
1553 1614 1670 1682 tenere
1692 1613 1808 1682 osten·

282 1725 346 1799 dit.
372 1767 421 1782 -
445 1725 574 1799 Contra
590 1724 627 1799 in
651 1725 773 1799 eadem
794 1723 979 1823 scriptione
1000 1749 1090 1822 quae
1110 1724 1208 1800 valde
1232 1725 1458 1824 vituperanda
1478 1724 1693 1814 viderentur,
1709 1724 1806 1800 hand
1947 1719 1951 1728 ’

283 1841 434 1919 defuere.
484 1844 610 1943 Neque
640 1845 734 1918 enim
762 1843 906 1942 scriptor
934 1842 1066 1932 fontes,
1091 1869 1134 1918 ex
1163 1843 1292 1943 quibus
1317 1843 1547 1920 hauriendum
1570 1851 1661 1934 erat,
1685 1869 1807 1920 omnes

282 1962 464 2051 adhibuit,
499 1971 536 2038 et
567 1963 604 2037 in
637 1962 784 2063 singulis
814 1963 919 2038 rebus
952 1989 992 2038 ac
1024 1963 1225 2039 nominibus
1258 1964 1515 2066 perscrutandis
1549 1965 1679 2052 multa,
1715 1988 1806 2063 quae

248 2086 251 2092 ’
282 2081 501 2182 explanatius
532 2082 743 2182 uberiusque
778 2091 875 2158 erant
907 2082 1103 2158 delinienda
1138 2091 1200 2159 aut
1233 2083 1278 2158 ab
1311 2084 1457 2159 aliorum
1488 2083 1668 2159 sententiis
1682 2083 1805 2158 ‘vindi-

282 2187 413 2290 canda,
447 2201 564 2302 tetigit
595 2203 712 2303 potius
749 2227 855 2301 qnam
889 2202 1118 2300 pertractavit.
1179 2203 1345 2303 Inprimis
1374 2227 1452 2278 vero
1476 2201 1669 2278 desiderata
1693 2203 1807 2278 estin

154 2395 161 2412 ,
283 2318 348 2396 hac
373 2321 614 2421 disquisitione
639 2321 805 2396 sermonis
831 2321 963 2420 puritas
990 2334 1025 2396 et
1050 2322 1243 2422 elegantia,
1268 2330 1410 2422 totaque
1434 2322 1610 2422 displicuit
1636 2322 1809 2398 scribendi

283 2442 390 2530 ratio,
416 2443 546 2542 quippe
573 2441 671 2530 talis,
696 2441 791 2541 quali
816 2443 870 2516 vel
893 2443 929 2514 in
954 2441 1078 2516 iuvene
1101 2443 1264 2542 scriptore
1289 2443 1346 2516 vix
1368 2443 1537 2542 ignoscas.
1588 2441 1808 2522 Quinetiam

283 2559 314 2634 si
342 2561 465 2668 ceteris
492 2561 536 2634 de
562 2561 676 2635 causis
699 2559 863 2635 omnibus
886 2562 1056 2659 potuisset
1081 2562 1177 2634 Ordo
1203 2564 1529 2638 commentationem
1554 2562 1707 2662 praemio
1733 2562 1810 2662 dig·

282 2678 462 2753 nissimam
496 2679 668 2767 indicare,
701 2678 766 2754 hac
790 2704 861 2753 una
884 2688 1078 2754 commotus
1101 2703 1227 2778 negare
1250 2680 1300 2752 illi
1323 2688 1461 2756 tantum
1484 2681 1649 2756 honorem
1670 2681 1811 2756 debuis-

284 2805 348 2874 set.
398 2797 465 2871 Vel
502 2797 550 2873 sic
586 2805 703 2872 tamen
740 2798 875 2872 censuit
914 2797 1029 2886 Ordo,
1066 2798 1266 2896 scriptorem
1296 2798 1382 2873 adeo
1414 2797 1577 2898 probasse
1602 2799 1810 2873 industriam

283 2916 545 3015 multarumque
565 2941 679 2991 rerum
703 2917 883 3015 peritiam,
910 2923 950 2990 nt
975 2917 1173 3016 argumenti
1197 2917 1401 3016 gravitatem
1428 2925 1464 2991 et
1483 2916 1648 3016 temporis
1666 2917 1712 2992 ad
1730 2917 1812 2993 scri-

286 3035 444 3110 bendum
470 3035 623 3110 concessi
640 3034 845 3109 brevitatem
866 3035 1041 3136 reputanti
1063 3035 1218 3134 iniquius
1241 3061 1315 3110 esse
1340 3036 1532 3125 videretur,
1557 3036 1587 3110 ai
1610 3061 1693 3110 eum
1716 3035 1814 3112 nulla

240 3217 243 3222 .
288 3153 393 3230 laude
417 3164 577 3230 ornatum
602 3179 622 3228 e
646 3154 833 3228 certamine
857 3154 1056 3231 dimitteret.
1106 3156 1232 3254 Itaque
1256 3155 1425 3244 decrevit,
1451 3155 1481 3230 si
1504 3180 1631 3230 nomen
1654 3154 1712 3229 ille
1734 3178 1812 3254 pro·

287 3275 380 3350 fiteri
408 3275 530 3363 vellet,
555 3281 597 3348 ut
620 3275 821 3372 tonapreae
845 3277 1021 3350 mentiom's
1043 3274 1146 3350 laude
1172 3275 1287 3374 palam
1311 3276 1605 3352 condecoraretur.
1654 3275 1815 3376 Rogatus

286 3419 368 3496 ergo
393 3395 594 3496 scriptorem
619 3419 656 3469 se
679 3394 854 3494 professus
879 3402 932 3470 est
957 3394 1151 3494 Ordinique
1174 3394 1334 3496 probavit

738 3581 856 3647 lanus
876 3579 1042 3645 nonnula
1062 3599 1120 3642 mu
1142 3579 1361 3653 ZEEBURGH,

617 3749 685 3812 nur
708 3751 793 3816 Ηιιιιι.
814 3753 847 3814 io
867 3750 1024 3814 romanu
1044 3749 1310 3831 inputare-Bataua
1333 3749 1490 3813 studiosus.

814 4209 950 4285 ORDO
975 4209 1277 4286 MEDICORUM

298 4449 431 4526 nullam
455 4449 777 4526 commentationem
801 4448 943 4548 accepit.
984 4553 986 4556 Ι
