4960 6194
645 691 689 758 28
1143 693 1363 760 lunlcrt
1398 693 1664 763 ounluuu.

646 899 709 974 sed
740 922 981 998 nequaquam,
1015 900 1102 1000 quid
1133 903 1215 976 Iure
1243 901 1411 976 Gentium
1444 901 1609 978 obtineat.
1665 903 1848 980 Praeterea
1876 903 2036 1004 pluribus
2064 904 2168 998 locis,

644 1018 708 1094 ubi
739 1029 859 1093 auctor
889 1044 988 1094 suam
1023 1020 1133 1119 ipsius
1164 1021 1372 1096 sententiam
1405 1019 1450 1095 de
1475 1019 1580 1096 rebus
1602 1020 1720 1098 dubiis
1743 1021 1928 1123 explicuit,
1961 1048 2075 1124 neque
2101 1024 2169 1100 sibi

643 1139 718 1240 ipse
749 1139 832 1212 satis
863 1139 1037 1228 constitit,
1072 1164 1186 1238 neque
1217 1165 1258 1216 ee
1288 1139 1407 1216 attulit
1432 1149 1638 1240 argumenta
1662 1141 1861 1241 quassatis
1888 1143 1988 1220 firmo
2009 1143 2170 1220 nituntur

642 1258 880 1334 fundamento.

689 1378 853 1466 Accedit,
878 1377 974 1476 quod
998 1377 1113 1476 quoad
1139 1379 1303 1454 orationis
1328 1378 1475 1452 formem
1505 1377 1616 1452 multa
1641 1377 1882 1456 desiderantur
1905 1388 1941 1456 et
1962 1405 2075 1456 sermo
2098 1405 2169 1458 non

640 1505 778 1572 tantum
808 1497 905 1572 nulla
934 1497 1106 1598 elegantia
1135 1507 1198 1574 aut
1224 1506 1404 1573 venustate
1429 1521 1504 1572 sese
1531 1500 1753 1574 commendat
1777 1500 1839 1575 sed
1863 1501 1921 1575 vix
1943 1500 2092 1576 latinus
2114 1507 2169 1576 est

639 1617 833 1692 habendus.
1385 1629 1388 1638 “
1911 1711 1912 1714 ¹

689 1743 740 1814 At
771 1764 850 1814 vero
881 1764 962 1814 cum
998 1747 1117 1815 auctor
1144 1741 1181 1814 in
1212 1741 1414 1840 colligendis
1440 1739 1581 1830 multis,
1617 1761 1708 1839 quae
1730 1739 1760 1813 si
1784 1763 1855 1815 non
1879 1739 2000 1814 omnia
2024 1739 2167 1816 adrem

639 1859 835 1960 pertineant
867 1858 1084 1956 aliquatenus
1117 1868 1233 1935 tamen
1265 1886 1347 1936 cum
1373 1887 1410 1934 re
1432 1861 1617 1936 coniuncta
1641 1859 1751 1934 videri
1774 1859 1927 1960 possint,
1958 1859 2167 1936 industriam

639 2003 740 2054 suam
770 2004 811 2052 ac
838 1979 1052 2078 diligentiam
1077 1979 1291 2079 probaverit,
1316 1980 1426 2080 ipsius
1446 1978 1750 2058 commentationis
1770 1979 1993 2056 honorificam
2019 1979 2164 2056 mentio·

638 2122 718 2174 nem
745 2122 822 2172 esse
846 2099 1058 2186 faciendam,
1084 2099 1117 2172 si
1139 2123 1265 2175 nomen
1291 2126 1394 2176 suum
1420 2101 1574 2201 profiteri
1598 2101 1721 2188 vellet,
1746 2099 1844 2174 Ordo
1867 2099 2013 2175 censuit.

685 2219 807 2293 Altera
838 2219 1094 2294 commentatio
1120 2230 1238 2294 notata
1264 2221 1377 2296 verbis
1401 2223 1600 2298 Grunuonrs
1633 2219 1793 2294 rBellum
1817 2219 1867 2294 ita
1892 2218 2102 2318 suscipiatur
2125 2226 2166 2294 ut

636 2337 733 2412 aliud
765 2339 816 2412 nil
843 2339 912 2412 nisi
940 2365 1009 2439 pax
1032 2339 1188 2438 quaesita
1210 2363 1285 2412 esse
1305 2339 1485 2414 videatur’'
1512 2339 1663 2414 melioris
1686 2361 1769 2412 sane
1787 2345 1890 2412 notae
1912 2349 1966 2412 est
1986 2336 2165 2426 habenda,

636 2458 667 2533 si
698 2459 841 2556 quidem
873 2459 983 2558 ipsius
1010 2469 1130 2534 auctor
1152 2483 1232 2534 oum
1259 2459 1383 2533 melius
1408 2459 1579 2534 intellexit
1605 2457 1761 2557 quidde
1786 2459 1868 2534 Iure
1895 2459 2064 2534 Gentium
2087 2458 2164 2532 nni·

634 2599 730 2650 verse
761 2577 807 2650 sit
833 2578 1079 2666 statuendum,
1112 2587 1190 2652 tum
1220 2577 1432 2676 quaestionis
1456 2577 1526 2652 vim
1552 2588 1644 2653 reete
1667 2577 1830 2677 percepit.
1881 2579 2002 2654 Sermo
2025 2602 2164 2679 quoque

634 2697 762 2770 sinon
795 2697 905 2770 multo
935 2697 1123 2797 elegantior
1154 2704 1192 2771 at
1226 2707 1318 2771 certe
1349 2697 1477 2796 purior.
1529 2695 1660 2772 Verum
1686 2697 1767 2772 lieet
1792 2698 1949 2798 quaestio
1970 2697 2164 2773 accuratius

634 2840 739 2914 quam
773 2817 818 2890 ab
849 2816 992 2891 alterius
1023 2818 1325 2892 commentationis
1356 2827 1496 2892 auctore
1530 2817 1577 2892 sit
1604 2828 1766 2904 mactata,
1798 2818 1982 2890 tamenin
2016 2817 2164 2914 singulis

631 2934 843 3032 explicandis
863 2945 900 3006 et
920 2933 1153 3008 diiudicandis
1174 2935 1274 3035 plura
1302 2947 1385 3010 sunt
1410 2961 1501 3036 quae
1526 2937 1601 3011 iure
1626 2933 1883 3023 desiderantur,
1907 2933 1995 3010 adeo
2015 2943 2056 3008 ut
2073 2959 2163 3033 opus

630 3053 749 3151 potius
781 3054 847 3127 rite
884 3053 1087 3130 inchoatum
1125 3079 1232 3154 quam
1266 3057 1429 3131 omnibus
1461 3057 1616 3132 numeris
1647 3053 1849 3129 absolutum
1879 3053 1949 3128 dici
1977 3063 2163 3130 mereatur.

632 3173 857 3270 Quamquam
881 3173 989 3272 igitur
1009 3199 1094 3248 auro
1123 3175 1278 3251 ornanda
1304 3200 1374 3250 non
1398 3201 1473 3251 esse
1502 3175 1702 3263 videbatur,
1726 3171 1952 3248 nihilominus
1977 3173 2024 3247 ob
2052 3173 2163 3248 varim

632 3291 763 3390 quibus
793 3291 877 3366 haec
907 3294 1152 3370 commentatio
1187 3319 1262 3372 sese
1294 3296 1515 3372 commendat
1548 3295 1668 3383 dotes,
1700 3294 1853 3394 praemio
1883 3301 2048 3393 argenteo
2083 3275 2187 3368 eam'

631 3411 727 3486 haud
754 3413 935 3514 indignam
967 3437 1061 3506 esse,
1092 3415 1123 3490 si
1146 3415 1212 3492 hoc
1234 3416 1348 3492 laudis
1369 3415 1569 3492 testimonio
1594 3421 1779 3492 contentus
1801 3439 1876 3492 esse
1899 3413 2002 3490 vellet
2024 3420 2160 3504 auctor,

630 3531 797 3608 iudicavit
821 3533 928 3610 Ordo.

680 3655 1023 3730 Commentationum
1052 3661 1209 3732 auctores
1235 3681 1273 3732 se
1295 3657 1442 3756 professi
1466 3665 1550 3732 aunt
1574 3666 1611 3732 et
1635 3656 1798 3734 instituta
1819 3654 2061 3756 disquisitione
2085 3675 2160 3730 sese

530 3863 534 3868 Ι
631 3794 707 3846 esse
731 3773 979 3870 probaverunt:
1006 3773 1112 3850 huius
1135 3777 1332 3874 posterioris

1137 3933 1256 3998 unns
1268 3905 1394 3999 'muns
1415 3933 1577 3998 trauan
1597 3935 1654 4008 ra,

993 4077 1073 4145 luris
1094 4081 1273 4146 Candidatus
1292 4083 1326 4145 ιἰι
1346 4082 1501 4146 Academia
1521 4079 1798 4162 mptum-nauca

631 4203 771 4280 alterius

1024 4348 1183 4414 tunultu
1203 4369 1242 4414 nn
1262 4349 1418 4414 ulmus
1439 4368 1496 4414 ιιιι
1518 4345 1765 4422 swltttunutt,

1032 4499 1111 4563 naa
1133 4499 1313 4566 aarum
1331 4501 1366 4564 a
1385 4497 1541 4562 naemu
1564 4495 1761 4578 casem
