4912 6214
628 755 631 762 ,
730 679 924 748 sumna
957 681 1287 753 Luutloltunt.

338 889 522 970 Exercitiia
532 887 693 989 practicis
705 888 740 962 in
753 897 926 966 structura
939 891 1135 991 plantarum
1147 919 1212 993 ope
1228 894 1442 996 microscopii
1456 895 1572 997 explo-

1706 693 1769 761 101

385 1013 494 1090 rande
515 1011 662 1110 praeerit
679 1020 833 1110 tempore
854 1013 1019 1102 hiberno,
1040 1013 1165 1120 diebus
1181 1015 1301 1090 Lunae
1312 1024 1347 1090 et
1364 1018 1507 1108 Martis,
1521 1019 1763 1098 horaII-IV.

338 1135 427 1212 Aliis
452 1142 569 1209 autem
594 1131 687 1205 boris
711 1133 901 1207 commodis
927 1133 963 1207 in
989 1159 1091 1209 usum
1117 1137 1379 1234 provectiorum.

338 1252 611 1331 Excursionibua
636 1251 805 1327 botauieis
828 1253 976 1352 praeerit
1002 1263 1155 1354 tempore
1179 1257 1330 1347 aestivo,
1346 1258 1402 1334 die
1418 1260 1570 1338 Saturni.

463 1492 712 1568 FAOUL'I’AS
737 1491 1096 1568 PHILOSOPHIAE
1122 1496 1464 1594 THEORETICAE
1490 1501 1551 1576 ΕΤ

672 1611 962 1686 LlTERARUM
981 1614 1342 1692 HUMANIORUM.

239 1877 265 1938 1.
285 1873 408 1947 ΒΔΚΕ,
434 1861 604 1954 quantum
624 1852 750 1954 poterit
771 1859 806 1925 et
825 1851 961 1941 licebit,
987 1853 1189 1928 auctoritate
1208 1863 1242 1928 et
1255 1855 1396 1932 oonsilio
1408 1859 1571 1935 adiuvare

288 1977 469 2052 conabitur
492 2001 571 2063 eos,
596 1975 657 2073 qai
680 1974 716 2048 iu
741 1974 935 2047 Literarum
949 1974 1206 2050 Humaniorum
1227 1977 1352 2050 studiis
1372 1987 1561 2056 versantur.

239 2115 276 2176 A„
296 2115 478 2174 BUTGEBS
511 2117 658 2169 ansatas
687 2102 722 2167 et
750 2117 961 2168 nscnsnran
991 2095 1167 2170 Vaticim'a
1190 2103 1226 2170 et
1247 2097 1404 2174 Psalmoe
1427 2099 1569 2175 selectos

288 2215 589 2317 interpretabitur,
614 2215 738 2288 diebus
758 2215 879 2289 Lunae
903 2225 938 2288 et
963 2215 1107 2304 Martis,
1161 2271 1570 2295 ............

432 2344 468 2410 et
494 2335 550 2410 die
576 2334 740 2410 Mercurii
761 2389 1566 2416 .......................

336 2457 475 2530 Librum
500 2457 656 2530 Indicum
681 2454 832 2529 cursoria
856 2453 1001 2528 lectione
1025 2455 1206 2545 tractabit,
1232 2455 1288 2530 die
1312 2455 1453 2546 Lunae,
1487 2517 1495 2535 .
1523 2519 1531 2534 .
1560 2520 1569 2536 .

407 2583 470 2646 et
494 2573 550 2647 die
575 2573 665 2647 lovi·
667 2628 1566 2655 .........................

336 2693 573 2792 Antiquitates
608 2691 844 2768 Israelitarum
876 2693 1080 2793 explicabit,
1114 2693 1238 2769 diebus
1269 2695 1411 2786 Lunae,
1445 2699 1569 2774 Martis

389 2822 425 2887 et
448 2811 611 2886 Mercurii
612 2870 1237 2890 ..................
1253 2861 1257 2870 ·
1265 2873 1564 2892 .........

339 2934 607 3008 Grammaticam
638 2931 848 3008 Samaritam
883 2932 1040 3022 docebit,
1074 2933 1130 3008 die
1163 2941 1198 3008 et
1226 2934 1318 3010 horis
1341 2935 1571 3014 Auditoribus

384 3053 583 3129 commodis.

238 3193 273 3254 Τ.
295 3190 589 3253 G.1.1UYNBOLL
614 3171 788 3246 Sermonis
815 3173 968 3249 Hebraei
995 3173 1166 3248 elementa
1187 3173 1318 3264 tradet,
1344 3200 1424 3250 cum
1445 3178 1568 3252 Gram-

285 3292 410 3367 matico
429 3291 651 3391 explicanda,
677 3301 754 3365 tum
780 3293 958 3392 analyticis
973 3293 1154 3369 Exercitiis
1178 3295 1418 3387 moderandis,
1443 3297 1568 3373 diebus

285 3412 428 3501 Lunae,
452 3412 604 3500 Martis,
630 3413 795 3486 Mercurii
819 3423 855 3488 et
880 3413 972 3488 Iovis
975 3464 1571 3494 .................

333 3532 528 3608 literarum
560 3531 808 3623 Arabicarum,
846 3533 1112 3608 chaldaicarum
1148 3544 1184 3608 et
1221 3535 1438 3632 Syriaearum
1469 3536 1569 3612 initia

381 3653 518 3728 docebit
544 3653 646 3746 (duce
669 3653 721 3728 Cl.
739 3677 908 3740 acoron,
924 3675 1090 3740 wannoc,
1106 3659 1369 3746 nunnuaaao),
1385 3653 1441 3728 die
1457 3655 1567 3745 lovis,

430 3782 465 3847 ct
489 3773 614 3847 diebus
638 3773 783 3848 Veneris
808 3783 842 3848 et
868 3771 1019 3847 Saturni.
1070 3830 1078 3846 .

332 3891 423 3967 (lum
440 3893 709 3993 provectioribus
722 3891 912 3991 Discipulis
934 3893 1231 3966 Chrestomottiom
1246 3894 1446 3984 Arabicam,
1460 3919 1568 3994 quam

381 4012 482 4087 Doct.
508 4037 565 4088 aa.
591 4038 626 4088 a.
657 4036 825 4100 aaaoan,
856 4021 892 4086 et
926 4013 1096 4110 Opaacala
1119 4014 1568 4113 Arabica,quaea.1859

381 4132 434 4208 Cl.
459 4156 608 4208 warenn
632 4133 761 4221 edidit,
786 4131 897 4233 legal,
923 4132 979 4206 die
1001 4132 1123 4206 Lunae
1125 4189 1343 4210 .......
1356 4167 1363 4180 ·
1369 4189 1560 4210 ......

333 4249 528 4341 Koreoura,
554 4252 610 4327 die
635 4253 809 4329 Mercurii
863 4309 1564 4330 ....................

329 4371 374 4445 In
413 4374 514 4447 Oodd.
543 4375 656 4448 MSS.
682 4373 787 4448 Arob.
810 4372 965 4474 legendis
987 4379 1022 4446 'et
1044 4371 1311 4471 interpretandis
1336 4395 1418 4447 cum
1440 4370 1564 4447 iisdem

379 4515 518 4590 operam
542 4502 667 4591 ponet,
692 4493 748 4566 die
773 4491 918 4566 Veneris
942 4502 978 4566 et
1002 4491 1143 4566 Saturni
1153 4546 1526 4582 ...........
1537 4551 1561 4568 r.

231 4622 257 4686 1.
276 4623 316 4688 u.
339 4627 547 4688 saoconna
570 4611 733 4710 logicam
759 4611 892 4701 tradet,
918 4612 975 4686 die
999 4612 1143 4702 Martia,
1187 4668 1560 4688 ...........

426 4727 484 4802 die
508 4729 600 4804 Iovis
609 4785 1558 4820 ...........................

427 4857 463 4923 et
486 4847 542 4924 die
567 4847 712 4926 Veneris
721 4907 1560 4940 ........................

1689 2219 1765 2312 IX,

1724 2398 1765 2535 Ι.

1675 2817 1762 2898 XII.

1657 3417 1761 3497 VIII.

1657 3657 1764 3853 vnis

1708 4133 1759 4208 11.

1707 4251 1758 4326 ΙΙ.

1706 4493 1757 4572 Π.

1718 4612 1759 4704 Ι,
1841 4689 1846 4698 ,

1679 4731 1757 4822 ΙΧ,

1687 4847 1756 4926 ΧΙ.
