4960 6194
686 655 730 721 18
1313 653 1338 720 1.
1375 651 1438 716 DE
1472 650 1590 715 wll.

689 861 827 940 aQuod
859 859 942 936 latix
970 865 1007 934 et
1030 857 1185 935 laustum
1207 857 1262 934 sit.
1312 857 1512 932 Dorsennus
1536 855 1602 932 sub
1622 879 1806 956 vesperum
1830 856 2010 935 advenisse
2032 862 2214 940 umtiatns

687 991 752 1058 ast.
810 979 855 1054 ni
890 979 1089 1080 gratulandi
1120 1003 1262 1064 caussa,
1284 1000 1328 1054 or
1349 977 1487 1053 decreto
1509 975 1710 1064 communi,
1734 976 1931 1054 convivium
1959 979 2158 1078 praebitum
2176 982 2214 1061 in

686 1101 792 1176 domo
817 1100 1009 1176 Reotcris·”
1057 1098 1160 1174 Diem
1188 1097 1382 1185 celebrant,
1409 1121 1479 1196 quo
1504 1095 1615 1194 prima
1639 1119 1798 1173 nonnum
1821 1097 1921 1172 lectio
1943 1099 2023 1180 luit.
2048 1101 2216 1200 Sequenti

687 1247 781 1298 auno
806 1222 877 1295 duc
901 1217 1049 1319 promoti
1074 1217 1110 1292 in
1134 1219 1233 1292 lure:
1260 1225 1434 1316 promotor
1457 1217 1639 1315 utriusque
1662 1239 1864 1293 murrone.
1890 1218 2034 1296 Mortuo
2060 1243 2214 1300 anumro

685 1363 923 1416 aooarvsnro
953 1337 1142 1426 Curatore,
1176 1337 1283 1437 legati
1313 1337 1468 1436 Delphos
1504 1337 1618 1426 missi,
1652 1337 1715 1435 qui
1747 1359 1897 1413 sautum
1929 1341 2133 1417 unsrunin
2155 1341 2213 1418 de·

685 1460 797 1535 functi
816 1460 930 1534 locum
950 1458 1175 1556 impetrarent
1198 1483 1447 1532 successorem:
1470 1457 1596 1532 missus
1614 1480 1695 1532 oum
1717 1480 1850 1532 onorio
1869 1479 2071 1534 nouenos.
2096 1459 2215 1540 Tusa

685 1581 818 1667 mum,
844 1587 962 1677 spreta
979 1577 1071 1676 lege,
1097 1577 1269 1654 Recturae
1288 1577 1461 1680 gerendae
1483 1577 1651 1655 idoneum
1678 1601 1715 1652 se
1738 1575 1885 1667 habere,
1911 1577 2027 1652 verbis
2046 1577 2214 1680 tactisque

688 1699 874 1774 declaravit
898 1697 1057 1772 Senatus.

736 1820 878 1916 Integre
907 1825 1025 1892 tamen
1060 1817 1196 1892 saeculo
1229 1817 1460 1915 praeterlapso
1490 1816 1613 1894 eadem
1643 1815 1700 1892 lex
1731 1815 1956 1915 peregrinum
1988 1840 2010 1892 a
2046 1817 2214 1917 regimina

685 1939 806 2015 arcuit.
864 1935 1123 2012 Adseverarunt
1151 1937 1268 2036 plures
1299 1936 1448 2013 Senatus
1480 1935 1583 2024 socii,
1617 1957 1921 2018 mucirensem!
1950 1935 2113 2038 ignarum
2139 1961 2213 2014 esre

685 2058 825 2155 linguae
858 2055 1066 2131 Teutonicae
1097 2064 1133 2130 et
1163 2065 1343 2154 propterea
1374 2057 1544 2132 nominari
1574 2081 1644 2131 non
1681 2081 1801 2155 posse:
1828 2055 1902 2155 ipsa
1927 2065 2044 2136 tamen
2069 2083 2107 2132 se
2132 2059 2214 2134 satis

686 2175 957 2252 Neerlandicum
990 2176 1113 2252 callere
1149 2201 1340 2252 sermonem
1364 2173 1539 2274 protessus
1562 2185 1625 2254 cst.
1678 2176 1860 2275 Suffragiis
1884 2177 1982 2254 initis
2000 2203 2083 2255 eum
2104 2178 2212 2255 nomi·

685 2297 760 2378 nari
783 2321 883 2394 posse
905 2295 1054 2371 decrevit
1073 2297 1232 2372 Senatus.
1283 2297 1494 2372 Nominatus
1520 2307 1635 2372 tamen
1657 2321 1727 2370 uon
1749 2297 1826 2374 suit.
1864 2297 1918 2372 Re
1942 2297 1988 2372 ad
2012 2309 2140 2374 sortem
2160 2322 2212 2374 re-

686 2427 825 2504 vocata,
851 2416 921 2490 voti
944 2441 1084 2514 compos
1108 2415 1221 2490 factus
1245 2441 1315 2490 non
1341 2426 1394 2490 est
1420 2417 1641 2491 doctissimus
1666 2440 1872 2490 sonanavrl
1897 2427 2107 2517 praereptor.

690 2573 693 2580 ·
734 2535 1091 2610 Animadvertendum
1122 2544 1176 2609 est
1195 2535 1343 2610 liberum
1373 2536 1553 2610 doctorum
1579 2535 1763 2612 arbitrium
1783 2536 1820 2609 in
1845 2537 2068 2636 designandis
2090 2535 2212 2610 trium·

685 2655 767 2729 siris
786 2655 891 2730 millis
908 2665 1082 2753 praeterea
1100 2655 1401 2753 circumscriptum
1423 2655 1530 2730 luisse
1554 2655 1695 2732 finibus.
1722 2655 1822 2728 Nibil
1838 2655 1882 2730 de
1901 2665 1995 2732 certo
2010 2655 2213 2733 securitatum

683 2775 803 2848 ordine
833 2773 1068 2852 observando:
1103 2776 1192 2848 nibil
1225 2776 1269 2850 de
1305 2775 1454 2872 singulis
1477 2775 1735 2852 Professoribus
1761 2799 1824 2850 sua
1848 2801 1985 2874 quoquc
2009 2777 2083 2850 vice
2102 2773 2213 2853 nomi

681 2894 818 2967 condis
876 2897 982 2967 Anno
1022 2893 1166 2966 demum
1196 2917 1289 2969 xxxi
1323 2894 1451 2968 sacculi
1481 2895 1658 2993 sequentis
1689 2894 1806 2970 omnia
1839 2895 1923 2968 haec
1955 2920 1980 2968 a
2006 2893 2213 2974 Pacarium

682 3009 893 3086 Hellandiae
927 3018 1062 3086 mutata
1086 3023 1191 3111 etque
1216 3012 1246 3086 is
1273 3013 1343 3090 lero
1371 3013 1455 3088 ordo
1482 3016 1675 3116 descriptus
1695 3015 1782 3103 luit,
1808 3015 1869 3112 qui
1893 3013 2074 3092 recentiori
2099 3020 2212 3090 aetat·

682 3131 836 3207 obtinuit
862 3141 1041 3229 perpetuo.
1092 3132 1263 3221 Cautum,
1287 3158 1332 3208 ne
1356 3135 1483 3210 Rector
1507 3137 1595 3210 ultra
1617 3161 1751 3212 anuum
1774 3133 1982 3233 magistratu
2007 3133 2211 3232 iungeretur

682 3275 771 3326 neve
799 3251 830 3324 is
861 3251 1120 3340 nominaretur,
1151 3253 1214 3351 qui
1243 3254 1410 3352 superiori
1440 3280 1532 3330 anno
1564 3257 1752 3330 Rectoratu
1773 3253 1918 3330 functus
1940 3261 2050 3340 esset,
2081 3251 2144 3330 sed
2163 3251 2209 3332 od

684 3371 951 3471 quadriennium
977 3370 1238 3471 praeteriretur,
1264 3375 1559 3472 quemadmodum
1583 3400 1647 3452 nec
1667 3375 1778 3474 primo
1809 3373 2027 3472 quadriennii
2052 3370 2209 3450 eiusdem

682 3515 774 3566 auno
812 3492 997 3590 quisquam
1031 3491 1093 3590 qui
1127 3491 1282 3566 eiusdem
1314 3503 1406 3568 asset
1442 3495 1615 3570 facultatis
1652 3519 1733 3570 cum
1768 3493 1942 3571 defuncto.
1992 3493 2099 3568 Porro
2127 3501 2208 3568 ute

680 3611 794 3684 tribus
819 3608 1044 3682 facultatibus
1069 3634 1161 3684 unus
1177 3609 1325 3708 singulis
1349 3612 1449 3686 annis
1471 3624 1741 3711 proponeretur,
1767 3621 1803 3688 et
1829 3613 1893 3688 hac
1921 3612 2074 3700 rabone,
2099 3635 2206 3709 quun·

683 3738 761 3803 tum
795 3728 871 3801 fieri
901 3739 1017 3826 posset
1040 3755 1084 3803 ex
1109 3727 1272 3804 facultate
1304 3730 1341 3806 iu
1364 3731 1585 3821 fucultatem,
1611 3733 1707 3808 nulla
1740 3743 1904 3833 excepta,
1938 3732 2101 3811 manebat
2132 3755 2206 3810 suo·

685 3848 904 3944 cederetque.
1950 3935 1955 3948 ι

735 3963 870 4040 Acerbe
890 3965 980 4040 hanc
1000 3965 1227 4043 mutationem
1252 3967 1527 4065 perstrinxerunt
1549 3971 1707 4047 nonnulli
1733 3995 1777 4045 er
1799 3969 2037 4046 Professorum
2057 3965 2207 4066 Collegio

683 4091 723 4159 et
744 4085 860 4184 questi
885 4094 968 4160 sunt
994 4085 1165 4176 eundem,
1191 4086 1252 4184 qui
1270 4101 1351 4162 ante
1376 4090 1547 4166 nominari
1571 4090 1766 4177 debuisset,
1791 4099 1911 4189 postea
1926 4087 2100 4188 designari
2112 4111 2206 4186 pror·

687 4229 747 4279 sas
778 4231 848 4279 non
876 4205 1050 4305 potuisse:
1075 4231 1214 4280 omnem
1241 4205 1312 4281 iam
1337 4209 1473 4284 senatui
1495 4210 1689 4287 libertatem
1714 4235 1789 4286 esse
1812 4221 1987 4308 ereptam,
2011 4217 2047 4283 et
2070 4231 2112 4284 eo
2135 4229 2207 4288 rem

687 4324 902 4424 pervenisse,
937 4337 998 4413 ut,
1034 4325 1064 4400 si
1097 4326 1237 4424 quando
1261 4325 1297 4400 in
1326 4329 1475 4404 marimo
1498 4329 1687 4404 Academia
1711 4337 1902 4406 versaretur
1926 4327 2140 4414 discrimine,
2163 4324 2206 4412 ii,

688 4444 751 4542 qui
784 4443 890 4517 rebus
918 4446 1084 4543 gerundis
1115 4471 1283 4544 perquam
1318 4471 1355 4522 se
1389 4447 1597 4546 probassent
1621 4449 1783 4537 idoneos,
1807 4448 1886 4546 ipso
1908 4447 1984 4524 iure
2006 4447 2051 4522 eb
2073 4442 2209 4544 imperii

686 4563 924 4663 gubernaculo
958 4565 1167 4663 capessendo
1199 4574 1314 4642 essent
1346 4567 1487 4644 remoti:
1522 4593 1664 4650 ornnem
1697 4569 1848 4666 denique
1868 4567 1957 4648 hano
1979 4566 2207 4643 mutationem

690 4707 810 4758 eorum
845 4681 1064 4758 tribuendam
1099 4708 1174 4758 esse
1204 4685 1376 4775 masiliis,
1408 4687 1469 4784 qui
1497 4687 1628 4764 civitati
1659 4697 1744 4764 tuno
1770 4687 1933 4786 temporis
1954 4694 2152 4787 praeessent
2172 4689 2208 4762 ot

692 4827 866 4879 summam
890 4803 1048 4880 Rectoris
1072 4804 1311 4884 mundatem
1334 4805 1491 4906 frangere
1514 4807 1677 4887 omnibus
1700 4807 1814 4887 ωοῶε
1837 4817 2053 4890 mactentur.
