4960 6194
890 685 1171 754 ouarro.
1660 663 1665 676 '
1753 685 1794 752 15

264 892 304 969 id
322 891 419 968 nulla
440 891 507 968 elia
529 915 637 992 quam
660 891 725 970 hac
748 893 880 970 ratione
906 893 981 969 fieri
1002 917 1113 993 posse.
1140 893 1346 992 Numquam
1366 892 1460 968 enim
1480 891 1683 966 defuturum
1704 915 1795 981 esse,

264 1011 329 1112 qui
357 1011 582 1088 Academiam
610 1018 646 1086 et
668 1010 762 1088 lama
786 1021 824 1087 ct
847 1011 984 1112 scriptis
1011 1011 1179 1088 illustret.
1205 1012 1236 1086 si
1255 1013 1318 1088 tali
1342 1012 1435 1101 viro,
1461 1011 1600 1111 qualem
1626 1011 1725 1110 ipsae
1747 1011 1794 1086 le-

264 1156 328 1232 ges
348 1130 550 1228 requirunt,
576 1131 729 1231 dignitas
752 1130 911 1206 Rectoris
936 1155 1071 1230 semper
1097 1128 1328 1205 conseratur.n
1353 1128 1621 1229 Indigusbundi
1645 1129 1796 1228 collegae

265 1260 384 1328 actum
415 1277 491 1328 esse
520 1251 565 1328 de
593 1252 722 1327 honore
752 1251 819 1326 sibi
843 1249 963 1324 debito
993 1249 1189 1324 clamitante
1214 1249 1377 1324 omnibus
1400 1251 1447 1326 ad
1470 1257 1643 1324 recturam
1667 1248 1797 1348 puriter

265 1371 359 1446 viam
383 1371 554 1446 munitam
577 1395 652 1444 esse
670 1377 845 1468 oportere:
865 1378 1068 1445 cunctorum
1088 1394 1150 1470 per
1170 1370 1345 1468 Europam
1365 1369 1561 1444 studiorum
1580 1368 1795 1468 generalium

266 1491 425 1589 exempla
458 1489 603 1589 probare
637 1514 707 1564 nou
733 1490 795 1564 uni
817 1491 890 1564 viro
914 1490 1062 1566 salutem
1081 1489 1290 1566 Academiae
1314 1513 1455 1588 prorsus
1479 1489 1651 1563 committi
1674 1512 1794 1589 posse:

265 1611 419 1686 muneris
453 1607 727 1684 vicissitudinem
759 1607 1010 1708 professoribus
1045 1607 1229 1682 stimulum
1258 1607 1350 1695 lore,
1386 1615 1425 1680 ut
1446 1606 1497 1681 rei
1524 1607 1692 1682 literariae
1715 1632 1794 1706 pro-

264 1727 455 1804 movendae
488 1729 651 1804 accrrime
681 1728 866 1804 intendant
897 1727 1066 1803 animum.
1124 1726 1218 1801 Vicit
1250 1733 1367 1800 tamen
1403 1749 1528 1800 sasrrvr
1562 1727 1734 1802 sententia
1760 1735 1796 1802 et

251 1849 510 1928 ,universitatis
534 1848 644 1924 fasces
668 1849 736 1948 ipsi
761 1850 797 1924 iu
822 1855 1030 1948 perpetuum
1055 1845 1197 1921 fuerunt
1221 1845 1392 1944 permissi.
1464 1913 1470 1926 .

315 1969 386 2042 Sed
409 1977 551 2043 monent
572 1993 649 2057 me,
674 1969 881 2058 Auditum,
907 1967 1073 2066 temporis
1092 1965 1293 2065 angustiae,
1314 1991 1358 2040 ue
1377 1963 1471 2040 hisce
1490 1963 1684 2039 scholarum
1704 1964 1799 2064 apud

267 2097 403 2163 exteros
439 2087 554 2182 initiis
581 2088 817 2164 describendis
849 2088 982 2163 diutius
1012 2087 1196 2174 immorer,
1229 2092 1336 2184 atque
1368 2085 1487 2160 oculos
1519 2093 1718 2159 convertere
1742 2108 1799 2160 me

267 2208 392 2284 iubent
416 2207 452 2282 in
475 2208 666 2308 praeclaras
691 2209 875 2284 Musarum
903 2209 1021 2296 sedes,
1047 2206 1223 2308 aproavis
1248 2205 1376 2282 nostris
1396 2206 1433 2280 in
1455 2205 1651 2280 libertatem
1672 2229 1709 2280 se
1725 2205 1799 2280 vin·

265 2328 466 2404 dicentibus
496 2329 662 2428 prudenti
693 2353 734 2406 ac
768 2328 902 2404 liberali
931 2328 1074 2404 consilio
1105 2325 1283 2415 conditos,
1316 2349 1473 2424 quaeque
1502 2348 1602 2398 verae
1631 2323 1800 2400 libertatis

265 2449 420 2524 officinas
445 2473 521 2524 esse
549 2449 733 2524 voluerunt
755 2450 910 2525 maiorer.
962 2447 1089 2522 Vestra
1113 2470 1193 2521 vero
1216 2471 1261 2520 ne
1284 2445 1384 2522 abuti
1414 2445 1531 2519 videar
1553 2443 1739 2543 patientia,
1762 2444 1800 2518 in

265 2579 404 2645 nostrae
428 2569 610 2644 Leidensis
635 2569 882 2644 Universitatis
906 2567 1104 2664 primordiis
1128 2566 1379 2664 perlustrandis
1404 2564 1604 2640 subsistam.

316 2805 360 2876 In
386 2803 498 2900 prima
521 2785 609 2900 legia
635 2803 845 2877 Academiae
866 2802 1017 2876 formula
1042 2802 1226 2874 sancitum·
1241 2799 1328 2887 fuit,
1353 2800 1538 2874 Rectorem
1559 2801 1667 2877 creari
1686 2799 1732 2877 ab
1758 2801 1801 2876 iis

266 2921 330 3020 qui
361 2927 443 2996 sunt
471 2929 614 2996 aruntve
644 2910 688 2995 de
725 2921 965 2996 universitate:
1000 2919 1112 3019 prima
1139 2926 1257 2994 tamer
1298 2916 1372 2992 vice
1404 2920 1589 2993 nonnullos
1609 2920 1654 2995 ab
1677 2919 1802 2996 iisdem

267 3038 497 3115 nominandos
524 3063 619 3126 esse,
647 3046 689 3114 ut
712 3040 923 3114 Arausiacua
950 3039 1116 3138 Princeps
1139 3038 1323 3112 Rectorem
1339 3038 1605 3136 adsessoresque
1620 3038 1802 3138 designare

267 3159 334 3233 rita
356 3158 482 3256 possit:
506 3157 858 3236 tandemRectoram
878 3159 1037 3236 absentia
1063 3157 1226 3234 morbove
1251 3156 1462 3257 impeditum
1488 3157 1556 3233 sibi
1578 3158 1697 3258 ipsum
1719 3183 1800 3235 con·

266 3276 410 3350 atitaere
435 3275 611 3352 vicarium.

316 3395 416 3470 Haec
441 3420 521 3470 vero
543 3396 692 3472 lormula
711 3396 889 3498 displicuit
908 3421 1118 3496 magnopere
1144 3395 1188 3470 iis
1213 3394 1421 3496 Theologiae
1445 3405 1482 3471 et
1503 3397 1644 3473 Artium
1668 3398 1798 3499 proles-

268 3514 426 3603 voribus‚
461 3515 524 3613 qui
556 3539 601 3590 ex
632 3515 823 3615 peregrinis
851 3514 1052 3616 regionibus
1085 3514 1163 3614 ipso
1184 3515 1292 3589 natali
1313 3515 1523 3592 Academiae
1546 3541 1641 3593 anno
1669 3519 1716 3592 ad
1741 3541 1797 3593 ca·

267 3634 409 3709 tbadras
443 3635 616 3709 ornandas
655 3635 766 3710 vocati
803 3643 913 3712 erant.
963 3636 1026 3724 Hi,
1066 3636 1194 3710 arctius
1228 3633 1472 3710 Universitatis
1505 3635 1682 3711 vinculum
1715 3661 1797 3714 cum

267 3754 422 3829 Ecclesia
453 3763 680 3854 appetentes,
714 3755 751 3828 in
775 3755 1016 3830 Professorum
1039 3756 1196 3830 ordinem
1222 3754 1360 3828 nudum
1386 3755 1622 3854 coaptandum
1647 3781 1723 3832 esse
1743 3781 1797 3834 ar·

268 3873 506 3963 bitrebantur,
531 3874 600 3948 nisi
620 3874 681 3974 qui
701 3875 798 3974 prius
820 3875 996 3950 doctrinae
1010 3896 1218 3950 consensum
1234 3897 1316 3948 cum
1336 3875 1488 3950 ecclesiis
1501 3900 1626 3952 manus
1639 3877 1797 3976 propriae

270 3993 522 4092 subscriptione
546 4000 694 4067 testatus
714 4001 824 4081 esset,
849 4003 885 4067 et
906 3993 956 4068 cis
978 3992 1150 4068 accenseri
1174 4017 1363 4092 earumque
1387 3995 1589 4094 disciplinae
1612 4021 1649 4071 aa
1671 3996 1796 4074 subiici

270 4122 462 4211 pateretur:
498 4137 542 4187 ex
575 4113 694 4188 decem
722 4112 991 4212 professoribus,
1016 4113 1181 4188 adiuncto
1201 4113 1485 4213 gymnasiarcha,
1510 4115 1795 4189 constituendum

272 4256 348 4306 asse
374 4233 540 4308 Senatum
563 4232 790 4322 Academiae,
810 4233 873 4316 ‚cui
897 4233 950 4308 uti
971 4239 1007 4307 et
1030 4233 1096 4308 toti
1117 4233 1327 4310 Academiae
1346 4239 1520 4333 praeesset
1540 4233 1685 4323 Rcctor,
1700 4257 1794 4309 com·

270 4351 439 4428 munibus
463 4353 637 4453 suffragiis
661 4353 836 4444 delectus,
861 4352 1046 4428 accedente
1071 4352 1276 4452 presbyterii
1299 4352 1442 4428 iudicio.

272 4529 277 4538 .
319 4471 487 4573 Princeps
500 4493 741 4564 onrnrnnuus,
754 4473 933 4576 perpensis
947 4471 1792 4572 variisopinionibus‚buicUuiversitatinostrae,

270 4597 312 4668 ut
335 4616 438 4668 nemo
462 4593 626 4670 Vestrum
648 4593 802 4695 igucmt,
826 4617 951 4668 novam
972 4592 1130 4692 proximo
1152 4615 1272 4666 meuse
1293 4591 1397 4666 Iunio
1420 4591 1518 4668 dedit
1541 4592 1671 4693 legem:
1691 4592 1793 4668 cuim

270 4711 444 4810 prioribus
478 4715 632 4790 articulis
666 4715 899 4804 declmatum,
922 4713 1042 4790 *totius
1074 4711 1284 4788 Academiae
1318 4711 1497 4812 quoddam
1528 4712 1636 4788 veluti
1667 4735 1793 4812 eorpus

272 4853 384 4909 unum
413 4842 571 4911 constare
605 4835 774 4927 Rectora,
805 4833 1024 4926 doctoribus,
1054 4831 1306 4934 professoribus
1338 4831 1557 4934 stipendiatis
1581 4854 1795 4931 muneraque
