4960 6194
887 671 1166 740 ORATlO.
1751 671 1793 738 ld

316 883 496 956 Iastamne
517 879 555 954 bi
576 879 747 954 moverint
766 879 961 978 querelem,
986 879 1142 971 indicent
1169 877 1237 953 alii.
1293 877 1486 975 Equidem,
1507 877 1651 976 siquod
1670 879 1790 969 video,

266 1000 444 1076 historiam
473 1001 561 1074 illud
589 1024 652 1074 nos
687 999 809 1073 docere
845 999 1012 1088 arbitror,
1037 1000 1167 1073 multos
1194 998 1412 1096 optimosque
1437 1005 1542 1096 atque
1564 998 1696 1096 ingenii
1719 1000 1789 1073 ala·

266 1121 387 1198 oritate
409 1128 623 1220 praestantes
646 1119 786 1193 honoris
808 1121 959 1194 maxime
982 1119 1123 1194 stimulo
1143 1119 1189 1192 ed
1212 1118 1358 1216 quodvis
1381 1117 1517 1192 difficile
1538 1127 1644 1216 atque
1663 1141 1792 1218 anceps

266 1262 397 1316 munus
433 1238 695 1338 suscipiendum
737 1239 977 1312 lubentissime
1012 1237 1189 1336 compelli:
1225 1261 1265 1311 ea
1297 1263 1376 1312 vero
1413 1239 1543 1326 officia,
1575 1263 1644 1336 qua
1676 1239 1790 1338 leges,

267 1361 448 1439 machinae
471 1361 601 1446 instar,
626 1358 669 1432 ad
695 1370 822 1437 certam
845 1357 1093 1454 defiuitamque
1113 1356 1196 1430 vicis
1218 1381 1375 1431 normam
1395 1357 1600 1456 imponunt,
1618 1359 1792 1455 plerisque

267 1480 386 1554 minas
411 1488 509 1578 grata
531 1499 606 1550 esso
629 1485 665 1549 et
684 1485 833 1575 accepta.
861 1477 917 1550 Sic
936 1477 1047 1550 multa
1066 1499 1155 1574 quae
1173 1474 1459 1563 honorisuerant,
1479 1477 1574 1550 oneri
1590 1476 1679 1550 facte
1696 1483 1789 1552 sunt.

317 1599 387 1672 Sed
407 1597 542 1670 diversa
565 1595 708 1668 diversis
732 1596 948 1694 temporibus
970 1606 1052 1694 apte
1076 1604 1177 1684 sunt,
1201 1605 1348 1695 atquae
1371 1595 1455 1669 olim
1478 1595 1701 1693 placuerunt,
1728 1596 1789 1670 bc·

267 1712 404 1792 dierum
425 1715 693 1790 Academiarum
716 1716 906 1790 conditioni
923 1712 1175 1791 accommodari
1191 1739 1260 1789 non
1277 1739 1378 1815 posse
1398 1714 1472 1788 aine
1486 1714 1627 1812 publico
1644 1713 1790 1806 damna,

264 1836 486 1912 consentiunt
508 1859 641 1914 omnes.

283 2011 291 2026 .
314 1955 440 2056 Neque
478 1955 517 2030 id
542 1956 610 2030 sibi
629 1962 798 2056 expetunt
823 1955 932 2030 nostri
953 1953 1223 2044 commilitones,
1249 1962 1310 2042 ut,
1335 1953 1547 2028 Bononiensi
1570 1975 1684 2039 moro,
1707 1973 1793 2050 quo-

265 2077 382 2152 tannis
414 2076 623 2151 Academiae
649 2077 832 2150 Rectorem
858 2075 927 2175 ipsi
950 2076 1160 2175 praeficiant.
1199 2074 1427 2148 Iureiurando
1450 2073 1586 2172 legibus
1609 2070 1792 2146 Academi-

266 2197 315 2272 cis
335 2196 463 2285 fidem,
488 2195 628 2270 Rectori
650 2195 856 2293 obsequium
878 2219 947 2268 non
967 2196 1193 2298 promittunt,
1216 2203 1256 2268 ut
1271 2193 1353 2266 olim
1375 2190 1793 2266 iecerunt-eorumatavia

265 2316 506 2415 obtemperant
540 2324 657 2390 tamen
692 2322 884 2415 parentque
911 2320 947 2386 et
969 2336 1038 2385 non
1062 2311 1178 2385 iurati.
1237 2311 1309 2384 Sua
1336 2309 1404 2383 sibi
1430 2311 1559 2385 habent
1577 2311 1710 2410 privata
1737 2333 1792 2384 sc·

266 2435 406 2524 dalilis,
432 2435 561 2534 quibas
582 2435 786 2534 praeficiunt
812 2457 917 2531 quem
940 2431 1084 2518 volunt;
1110 2454 1182 2504 non
1209 2453 1311 2528 aegre
1333 2453 1398 2504 nos
1425 2429 1584 2518 ierimus3
1611 2429 1794 2504 laudamus

264 2553 382 2653 potins
423 2554 564 2626 illorum
600 2553 803 2651 ingenium,
833 2551 870 2622 in
899 2551 975 2648 ipso
1005 2549 1197 2622 inventutis
1228 2549 1359 2622 fervore
1394 2547 1535 2649 publico
1562 2549 1631 2623 iuri
1663 2547 1795 2625 tuendo

265 2672 508 2769 compositum.

314 2789 569 2865 Gravissimum
603 2793 639 2859 et
674 2785 775 2858 hodia
808 2784 965 2858 Rectoris
996 2806 1125 2857 munus
1158 2789 1231 2871 est;
1267 2783 1417 2858 arduum
1450 2785 1609 2884 inprimis
1639 2792 1677 2859 et
1702 2787 1797 2860 aleae

265 2909 426 3010 plenum,
466 2905 535 2978 nisi
564 2925 682 2978 curam
711 2903 826 2978 levent
853 2902 1066 3001 collegarum
1096 2901 1327 2976 benivolentia
1356 2910 1398 2974 et.
1426 2903 1554 2976 civium
1586 2903 1797 2984 humanitas.

266 3029 425 3124 Utraque
448 3025 484 3098 in
504 3023 608 3097 rebus
625 3021 743 3096 dubiis
761 3045 875 3096 meam
897 3029 1125 3096 sustentatam
1142 3043 1218 3095 esse
1239 3019 1467 3110 tenuitatem,
1488 3032 1609 3120 gratus
1627 3047 1796 3122 agnoscor

268 3154 417 3244 utraque
447 3143 604 3216 foveatur
631 3139 862 3240 iudciaturque
886 3139 937 3214 vir
961 3140 1128 3228 eximius,
1154 3140 1216 3238 qui
1245 3140 1331 3214 milri
1356 3162 1578 3216 successurus
1599 3153 1663 3218 est.
1715 3141 1798 3220 Stn·
1834 3193 1837 3200 -

268 3264 357 3340 diosi
388 3263 491 3351 olim,
526 3287 583 3336 me
616 3261 782 3352 nestore,
806 3261 904 3352 Tibi,
936 3263 988 3337 cl.
1015 3283 1180 3350 nunnus,
1206 3261 1363 3336 studioso
1390 3263 1540 3338 sodalitii
1568 3264 1623 3338 sui
1647 3263 1798 3362 regendi

268 3405 389 3460 euram
413 3380 680 3458 commiserunt:
706 3383 837 3480 placuit
860 3391 922 3457 tua
943 3382 1169 3484 adolescentis
1188 3381 1284 3457 mitis
1301 3383 1469 3482 sapientia
1487 3385 1795 3462 commilitonibus.

269 3501 447 3580 fflcennio
478 3502 533 3576 vix
571 3504 803 3604 praeterlapso
836 3505 886 3578 Te
916 3503 1094 3577 universae
1121 3502 1331 3577 Academiae
1358 3505 1609 3578 moderatorem
1631 3505 1795 3582 salutent.

270 3623 445 3742 Omnibus
471 3621 633 3722 gratiosi,
659 3623 806 3723 singulis
831 3623 901 3699 ceri
925 3623 1082 3698 Rectoris
1100 3623 1267 3723 prudenti
1292 3624 1435 3699 consilio
1456 3631 1553 3712 tute,
1575 3623 1666 3698 alma
1682 3623 1796 3722 vigeat

270 3741 387 3822 Mater
410 3741 609 3818 Ieidensisl

928 3910 1140 3926 Ἠ

322 4101 381 4176 Ad
400 4101 544 4176 alteram
567 4106 704 4174 transeo
728 4099 831 4174 officii
850 4105 1005 4199 partem,
1030 4123 1110 4173 cum
1130 4099 1384 4204 gratissimam,
1411 4105 1487 4173 tum
1510 4098 1710 4172 brevissime
1731 4097 1793 4171 ab·

275 4218 482 4295 solvendam.
532 4219 659 4293 Tristia
691 4219 784 4293 enim
814 4243 925 4318 pauca
948 4219 1126 4293 referenda
1151 4219 1281 4307 habeo,
1306 4219 1396 4293 laeta
1420 4217 1587 4316 plurima;
1612 4227 1648 4290 et
1673 4216 1793 4316 singu·

273 4337 338 4413 lari
367 4361 505 4437 prorsus
532 4339 599 4414 Dei
620 4339 665 4414 Ο.
695 4341 746 4415 M.
769 4339 983 4436 benignitate
1009 4339 1120 4414 multa
1147 4339 1233 4412 mihi
1257 4339 1336 4412 licet
1355 4337 1521 4412 hodierno
1541 4333 1598 4410 die
1618 4345 1792 4437 repetere,

273 4479 364 4558 quae
388 4467 470 4532 ante
494 4457 556 4532 lros
581 4459 700 4534 decem
724 4483 833 4534 annos
858 4460 938 4533 laeti
964 4459 1200 4559 reputavimus
1225 4457 1418 4533 nobiscum.

321 4577 554 4668 Garatom,
580 4579 729 4654 virorum
758 4579 1069 4679 amplissimorum,
1103 4577 1284 4677 collegium
1307 4577 1483 4678 integrum
1508 4575 1683 4653 remansit.
1709 4575 1793 4651 vm

274 4719 350 4772 nnn
379 4717 530 4787 aarum,
564 4699 636 4773 viro
655 4699 961 4789 excellentissimo,
986 4699 1115 4782 festum
1138 4699 1354 4799 gratulamur
1375 4698 1489 4787 diam,
1515 4721 1585 4797 quo
1609 4706 1791 4797 septuage-

275 4816 404 4892 simum
435 4818 634 4918 nuperrime
663 4819 785 4895 aetatis
818 4845 949 4895 annum
979 4821 1122 4921 implere
1153 4821 1221 4920 ipsi
1249 4816 1404 4918 contigit.
1460 4817 1660 4894 Provinciae
1685 4815 1794 4916 Regis

1573 4936 1623 5011 ga
