4960 6194
891 689 1171 758 oestro
1756 695 1798 763 Q

274 897 313 971 id
347 895 445 971 vobis
476 893 609 970 dictum
644 917 719 968 esse
753 895 978 994 gaudeamus.
1028 898 1191 996 Namque
1221 897 1269 972 sic
1293 897 1508 975 intellectum
1535 909 1588 974 est
1616 901 1659 976 ab
1684 903 1795 978 omni·

274 1015 364 1104 bus,
388 1015 505 1088 Deum
535 1013 631 1088 vobis
653 1013 789 1103 inesse,
816 1039 885 1114 quo
909 1015 1063 1114 agitante
1089 1017 1273 1092 calescitis!

323 1135 504 1209 Praeterea
536 1132 663 1248 civium
694 1142 890 1208 nostrorum
915 1137 951 1208 in
972 1136 1157 1210 certamine
1184 1137 1332 1212 literaria
1356 1137 1496 1213 laudem
1522 1147 1661 1215 strenue
1685 1143 1796 1218 tuitus

275 1261 329 1328 est
360 1277 586 1328 acarnanas
609 1275 779 1342 norma,
810 1253 1016 1352 Theologiae
1040 1256 1239 1343 studiosus,
1276 1257 1323 1332 ab
1347 1258 1466 1334 ordine
1487 1259 1740 1360 Theologorum
1760 1263 1797 1336 in

275 1373 509 1448 Universitate
539 1373 762 1470 Groningana
785 1397 888 1446 aureo
910 1373 1156 1447 condecoratus
1182 1377 1344 1475 praemio.
1395 1379 1520 1477 Neque
1541 1379 1643 1453 hodie
1670 1379 1797 1455 desunt

277 1494 340 1592 qui
365 1519 441 1567 eam
464 1491 597 1600 fortiter
619 1491 790 1564 vindicare
816 1492 931 1596 conati
956 1491 1034 1568 sint.
1086 1493 1308 1572 Facultatum
1332 1497 1460 1572 iudicia
1486 1497 1529 1572 de
1553 1499 1724 1598 responsis
1751 1499 1797 1575 ad

277 1612 494 1712 quaestiones
516 1610 709 1710 propositas
733 1610 862 1685 audite.

690 1849 958 1949 (Praclcyuntar
981 1850 1109 1922 iudicia
1134 1851 1177 1923 ab
1201 1853 1392 1942 Artoarta.)

323 2087 470 2186 Iamque
506 2085 678 2174 accedite,
711 2086 921 2161 ornatissimi
953 2087 1104 2162 iuvenes.
1156 2089 1289 2164 Paucos
1320 2088 1481 2162 accedere
1511 2090 1612 2188 (quid
1638 2089 1800 2166 dissimu-

274 2208 378 2282 larem
414 2207 552 2282 silentio
562 2208 593 2298 P)
630 2206 792 2304 equidem
825 2207 924 2280 doleo
959 2215 996 2282 at
1031 2207 1217 2282 feliciorem
1247 2207 1407 2306 praedico
1435 2209 1681 2298 Academiam,
1711 2235 1801 2309 quae

274 2352 343 2402 non
379 2328 508 2402 multos
537 2327 643 2401 habet
683 2327 773 2400 cives
801 2327 880 2402 albo
904 2327 1109 2426 inscriptos,
1143 2327 1309 2426 plurimos
1335 2352 1420 2402 vero
1442 2327 1564 2402 horum
1588 2330 1718 2428 optime
1740 2356 1802 2429 pa·

273 2455 369 2521 ratos
401 2446 449 2520 ed
484 2445 605 2520 studia
636 2453 673 2522 et
702 2446 847 2520 victores
876 2447 913 2520 in
939 2447 1127 2521 certamina
1154 2447 1322 2535 literario,
1348 2472 1453 2545 quam
1481 2449 1803 2526 numerosissimum

273 2567 494 2640 alumnorum
531 2590 692 2664 gregem,
731 2589 881 2662 quorum
914 2565 1021 2662 pauci
1047 2565 1236 2662 palaestrae
1267 2591 1407 2662 operam
1440 2568 1585 2644 dorcet
1614 2571 1802 2668 aderudi·

273 2684 379 2758 tionis
404 2681 545 2756 tardam
571 2680 778 2754 contendere
806 2681 939 2780 possint
964 2707 1004 2756 ac
1032 2682 1147 2755 velint.
1198 2683 1356 2756 Tantane
1378 2684 1480 2758 hodie
1506 2689 1687 2786 plerosque
1708 2699 1804 2766 tenet

273 2802 421 2890 inentia,
448 2809 489 2874 ut
509 2825 555 2874 ne
575 2799 624 2874 ad.
639 2799 727 2872 iuud
752 2799 894 2896 quidem
919 2800 1097 2896 adspirent
1119 2801 1335 2897 praemium,
1361 2803 1456 2900 qnod
1482 2805 1590 2904 Regis
1615 2808 1802 2906 Augustis·

274 2921 355 2996 sinti
385 2918 622 2994 munificentia
652 2925 814 3018 paratum
837 2919 915 2992 est?
949 2916 1125 2991 Admirari
1154 2929 1300 2992 cunctos
1322 2920 1422 2994 decet
1449 2922 1614 2997 eximiam
1634 2926 1806 3026 Principis

275 3040 460 3128 uirtutem,
493 3063 601 3138 quem
634 3037 688 3110 his
720 3037 805 3137 ipsis
840 3037 986 3127 diebus,
1020 3037 1083 3111 ubi
1110 3038 1245 3112 miseris
1275 3039 1409 3113 civibus
1440 3065 1612 3139 aquarum
1636 3043 1803 3122 nivalium

276 3160 420 3235 saevitia
437 3159 571 3234 obrutis
599 3157 768 3232 auxilium
793 3157 975 3232 ferendum
1000 3156 1088 3246 fuir,
1114 3157 1264 3232 minaces
1288 3168 1560 3258 spumantesque
1582 3171 1619 3234 et
1639 3161 1806 3237 adstricto

274 3281 360 3380 gelu
380 3281 534 3354 horrims
562 3279 673 3354 undas
695 3278 873 3378 aspemeri
894 3259 999 3377 atque
1024 3303 1067 3352 ex
1088 3277 1160 3351 imo
1185 3303 1283 3352 orcae
1304 3303 1386 3353 suae
1409 3279 1519 3352 tundo
1540 3279 1676 3356 haurire
1704 3283 1802 3357 audi-

275 3401 409 3488 vimus,
445 3399 613 3499 legimus,
650 3400 820 3488 vidimus,
854 3443 905 3460 -
939 3424 1003 3474 nec
1033 3407 1151 3472 tamen
1178 3399 1293 3472 minus
1318 3397 1462 3497 placidis
1486 3399 1599 3475 favere
1625 3401 1803 3478 literarum

277 3519 466 3594 exercitiis!
513 3519 700 3608 decedito,
735 3520 899 3619 inquam,
930 3519 1088 3619 generosi
1124 3519 1378 3607 adolescentes,
1413 3519 1557 3617 accipite
1590 3545 1697 3617 quam
1730 3547 1802 3596 me-

276 3639 394 3713 ruistis
421 3639 582 3738 palmam.
631 3639 713 3714 'libi
749 3664 934 3714 nummum
969 3639 1102 3714 tradere
1135 3647 1336 3738 pergratum
1367 3637 1454 3712 mihi
1479 3646 1550 3726 est,
1581 3639 1803 3716 dilectissime

277 3781 443 3834 tamna.
494 3758 624 3848 Vobis,
659 3759 869 3834 ornatissimi
899 3781 973 3832 vau
1004 3781 1241 3846 sternuentes,
1276 3781 1438 3832 sennenn
1470 3765 1505 3832 et
1535 3781 1694 3834 nortnnrs
1728 3783 1804 3834 vars

278 3902 492 3969 nscsuaan,
525 3879 655 3953 lubens·
676 3879 902 3955 honorificum
925 3878 1103 3978 impertior
1132 3877 1332 3976 diligentiae
1357 3877 1607 3954 testimonium.
1648 3878 1805 3978 Singulis

280 4000 433 4098 gratulor
466 4024 509 4073 ex
544 3999 661 4073 animo
693 4009 850 4097 acceptos
886 3998 1047 4072 honores:
1083 4021 1164 4071 mox
1194 3997 1295 4072 facite
1321 4005 1363 4071 ut
1385 3997 1430 4072 ad
1452 3998 1584 4073 maiora
1602 3999 1801 4073 enitamini!

280 4118 358 4193 llos·
373 4128 512 4208 autam,
535 4119 628 4193 ciras
647 4119 891 4193 Universitatis
913 4126 1049 4192 nostrae
1067 4116 1265 4190 lectissimi!
1294 4117 1532 4192 vadimonium
1551 4143 1596 4191 ne
1616 4117 1801 4206 deseratis,

282 4239 434 4315 obsecro.
482 4239 576 4313 Novi*
607 4263 689 4314 mox
721 4239 870 4315 Traiecti
901 4238 1097 4338 operientur
1123 4237 1208 4313 ludi.
1257 4237 1317 4312 Ad
1337 4244 1510 4311 certamen
1538 4260 1597 4308 vos
1621 4236 1800 4336 accingite.

282 4357 478 4458 Antiquam
503 4359 648 4434 tuemini
671 4359 862 4435 iuventutis
885 4359 1036 4434 Batavae
1060 4357 1097 4431 in
1121 4357 1229 4432 literis
1253 4355 1447 4430 excolendis
1471 4355 1635 4455 gloriam!

981 4737 1108 4800 DIXL
