4960 6194
845 764 1163 833 carulo.
1740 768 1783 834 21

308 975 352 1049 In
389 971 633 1048 enumerandis
662 972 726 1064 iis,
753 997 844 1073 quae
863 981 983 1047 nostro
1010 971 1136 1047 Ordini
1160 972 1249 1048 laeta
1267 973 1482 1062 acciderunt,
1508 997 1622 1048 meam
1644 974 1780 1072 praedi·

257 1118 335 1170 aare
368 1093 470 1168 liceat
497 1093 692 1182 fortunam,
725 1093 787 1192 qui
822 1092 976 1192 primum
1002 1092 1159 1167 Rectoris
1182 1093 1317 1166 muneri
1339 1093 1532 1169 valedicens
1559 1114 1780 1167 arouuarrno

257 1221 294 1288 et
315 1236 519 1300 aereaere,
543 1213 614 1288 iam
637 1219 717 1288 ante
741 1212 828 1287 rude
850 1211 1006 1300 donatis,
1028 1211 1342 1310 eorporisvigorem
1354 1214 1547 1314 gratulatus
1561 1237 1658 1301 sum,
1671 1211 1778 1312 idque

256 1331 293 1406 in
325 1332 413 1406 votis
446 1331 573 1420 habui,
605 1339 645 1406 ut
673 1332 826 1430 saepius,
853 1331 918 1405 boc
941 1331 1085 1404 solemni
1108 1330 1164 1404 dic
1188 1343 1402 1422 recurrente,
1427 1359 1515 1408 nova
1539 1341 1630 1409 esset
1651 1332 1777 1408 iisdem

256 1451 456 1552 gratulandi
490 1451 632 1526 occasio.
691 1451 780 1524 Ecce
812 1448 925 1522 decies
957 1447 1070 1522 adsuit
1094 1456 1129 1522 et
1153 1449 1274 1522 eadem
1296 1451 1423 1527 iterum
1450 1451 1535 1526 mibi
1561 1454 1775 1551 praestaturl

256 1570 480 1646 Venerandos
511 1595 552 1643 ec
575 1567 700 1642 divinis
722 1566 897 1642 beneficiis
923 1568 1116 1642 cumulatos
1141 1592 1239 1642 senes
1263 1595 1369 1668 quam
1394 1571 1589 1644 diutissime
1614 1595 1778 1670 prospera

256 1689 452 1764 valetudine
479 1711 603 1762 usuros
630 1712 724 1775 esse,
749 1713 793 1762 ex
814 1686 931 1762 animo
955 1711 1078 1762 voveo:
1106 1696 1230 1762 vovent
1249 1697 1368 1762 autem
1391 1713 1528 1764 mecum
1549 1714 1689 1782 omnes,
1715 1690 1777 1790 qui

256 1831 429 1882 summam
452 1806 641 1881 eorundem
665 1807 702 1880 in
728 1807 876 1906 patriam
900 1833 940 1882 ac
965 1807 1082 1882 literas
1106 1809 1230 1882 merita
1253 1809 1312 1907 pia
1337 1817 1453 1883 mente
1477 1810 1643 1886 recolunt.

216 2005 221 2012 ,
304 1927 420 2000 Pauca
454 1925 525 2001 iem
558 1926 603 2000 de
629 1927 839 2002 Academiae
868 1927 1100 2002 instrumento
1136 1935 1241 2026 etque
1274 1928 1443 2002 instructo
1476 1928 1659 2006 addantur.
1715 1929 1777 2004 Bi·

254 2044 444 2134 bliotbeaa,
475 2070 557 2121 cura
585 2070 804 2122 raurerasrr
835 2047 962 2135 nostri,
988 2047 1117 2146 insigni
1142 2047 1248 2121 crevit
1270 2047 1437 2122 librorum
1458 2048 1576 2147 copia,
1602 2055 1680 2122 tum
1705 2071 1778 2124 ma·

254 2165 530 2263 nuscriptorum,
564 2173 641 2240 tum
673 2167 766 2266 typis
791 2167 1048 2266 impressorum.
1108 2167 1252 2242 Utinam
1284 2167 1380 2242 brevi
1403 2169 1470 2242 illis
1495 2168 1697 2256 demantur,
1722 2167 1778 2242 hia

254 2283 526 2360 adnumerentur
556 2285 715 2386 Catalogi
746 2287 938 2361 volumina!
1000 2287 1109 2362 Multi
1132 2297 1350 2362 accesserunt
1374 2287 1453 2361 libri
1482 2313 1524 2362 ex
1547 2310 1693 2375 casaur,
1718 2287 1778 2362 de·

255 2404 493 2478 aideratissimi
513 2405 680 2504 collegae,
707 2405 910 2504 supellectili
940 2405 1098 2480 literaria.
1148 2406 1201 2480 Hi
1226 2406 1398 2481 debentur
1420 2407 1545 2506 partim
1568 2407 1779 2482 Cunctorum

254 2523 432 2599 benivolas
458 2525 568 2599 menti
589 2551 670 2624 erga
695 2527 792 2614 illos,
815 2527 876 2624 qui
896 2525 1193 2625 Iurisprudentiae
1215 2551 1354 2624 operam
1377 2534 1526 2615 navant,
1550 2526 1678 2626 partim
1699 2550 1778 2600 vem

255 2643 346 2718 dono
367 2645 512 2732 viduae,
537 2669 648 2742 quae,
673 2645 726 2718 uti
744 2644 780 2718 in
804 2646 901 2718 luctu
926 2646 1040 2718 mariti
1062 2645 1162 2732 vivit,
1186 2646 1328 2719 itacius
1349 2646 1589 2720 liberalitatem
1610 2645 1776 2721 imitetur.

304 2764 413 2836 Haud
438 2763 605 2836 dissimile
626 2762 765 2860 pictatis
786 2770 821 2836 et
842 2763 944 2836 officii
962 2763 999 2836 in
1019 2763 1252 2836 doctrinarum
1274 2765 1423 2838 cultores
1446 2766 1686 2840 testimonium
1711 2789 1776 2841 nu·

253 2881 402 2978 perrime
426 2881 588 2976 praebuit
614 2880 664 2951 vir
688 2881 877 2977 plurimum
900 2883 1114 2954 venerandus
1134 2906 1367 2970 cosrnanrrr,
1393 2882 1435 2958 V.
1458 2883 1504 2957 D.
1523 2885 1573 2957 M.
1594 2885 1758 2957 emeritus
1765 2916 1775 2972 ;

253 3000 354 3072 cuius
377 2997 550 3071 demortui
569 2997 697 3096 apertis
717 2997 846 3071 tabulis
866 2997 1026 3095 apparuit
1049 2998 1200 3096 amplam
1220 2999 1387 3096 pecuniae
1413 3023 1586 3072 summam
1609 2999 1775 3074 adiuvan-

255 3117 309 3190 dis
336 3117 530 3191 futurorum
565 3117 819 3214 Theologorum
843 3116 968 3190 studiis
989 3117 1141 3215 legatam
1161 3141 1247 3191 esse.
1297 3116 1504 3191 Memoriam
1529 3117 1604 3190 iure
1626 3117 1795 3198 celebra.

254 3260 335 3310 mus
370 3236 448 3325 viri,
484 3235 584 3310 cuius
616 3235 863 3311 beneficentiae
896 3259 1025 3310 novum
1060 3245 1199 3310 nostrae
1230 3235 1471 3312 Universitatia
1496 3235 1643 3310 debetur
1668 3235 1777 3312 inore-

254 3363 425 3431 mentum.
1383 3360 1388 3364 ’

303 3476 430 3548 Museo
461 3474 637 3550 Historiae
672 3475 850 3550 Naturalis
879 3474 1012 3549 diutius
1048 3499 1205 3576 praeesse
1239 3473 1351 3548 noluit
1384 3473 1435 3548 vir
1469 3475 1523 3550 Ol.
1556 3497 1666 3551 rauna
1702 3500 1777 3551 van

254 3617 329 3669 nna
363 3618 521 3670 nervas.
577 3595 657 3670 Hoc
687 3596 838 3694 collegae
871 3595 1053 3669 consilium
1085 3595 1260 3683 dolemus,
1292 3594 1387 3692 quod
1412 3594 1575 3668 honestae
1603 3595 1778 3670 missionis

254 3716 423 3814 petendae
445 3715 512 3788 sibi
531 3715 750 3813 gravissimas
775 3739 896 3788 causas
921 3714 1027 3788 luisse
1050 3714 1124 3812 ipse
1145 3713 1311 3787 iudicavit
1334 3713 1384 3786 vir
1405 3713 1637 3802 clarissimus,
1669 3739 1776 3813 quem

255 3835 408 3908 eruditos
447 3859 508 3933 per
548 3835 742 3910 universam
771 3836 947 3932 Europam
981 3833 1284 3932 praestantissimis
1313 3833 1539 3908 adnumerare
1576 3833 1776 3932 disciplinae

217 4011 219 4014 -
255 3954 446 4028 cultoribus
478 3962 623 4030 constat.
684 3954 790 4032 Quod
826 3962 862 4027 et
889 3954 1023 4052 Regem
1054 3953 1197 4027 Sueciae
1227 3977 1267 4026 ac
1297 3953 1490 4052 Norvegiae
1516 3953 1626 4028 facere
1653 3953 1778 4028 docent

255 4073 405 4172 insignia
428 4073 727 4149 Commendetoris
752 4074 797 4148 ad
820 4096 1037 4148 nonvnrueu
1058 4097 1170 4171 nuper
1188 4071 1304 4148 missa.
1329 4074 1468 4162 Macte,
1500 4074 1631 4173 collega
1661 4083 1776 4148 aestu·

256 4193 464 4282 mestissime,
496 4202 597 4268 aucto
632 4193 750 4268 atellae
777 4193 901 4292 polaris
932 4192 1132 4291 splendore:
1165 4193 1220 4268 Tu
1248 4217 1344 4282 vero,
1378 4193 1534 4268 lucidum
1565 4192 1775 4268 Academiae

257 4310 372 4400 aidus,
397 4313 609 4388 intaminatis
634 4313 696 4388 diu
720 4313 816 4413 fulge
840 4313 1046 4388 bonoribus!

305 4418 526 4508 laboratorio
559 4458 678 4508 reeens
711 4433 850 4508 condita
881 4433 979 4523 usui,
1004 4433 1060 4508 cni
1086 4433 1258 4508 destinata
1280 4440 1382 4520 sunt,
1407 4431 1533 4506 tradita
1560 4455 1636 4506 esse
1663 4439 1699 4506 et
1723 4431 1774 4507 ia·

256 4575 332 4626 cere
358 4551 461 4640 setis,
487 4553 664 4629 lactamur.
715 4553 970 4628 Prelessoribus
994 4553 1056 4652 qui
1082 4553 1265 4651 Ohymiam
1294 4559 1329 4624 et
1354 4551 1538 4649 Physieam
1563 4552 1707 4642 docent,
1730 4577 1774 4628 ex

256 4671 465 4747 (iuratorum
495 4673 654 4764 decreto,
689 4675 858 4748 auxilium
891 4673 1034 4749 feliciter
1063 4673 1230 4774 praebent
1259 4671 1322 4744 viri
1355 4672 1545 4748 doctissimi
1576 4696 1713 4748 navare
1738 4680 1777 4747 ct

256 4812 392 4866 rinnau
417 4817 664 4886 nonnarum,
689 4793 930 4870 Universitatis
955 4803 1090 4870 nostrae
1115 4793 1291 4894 quondam
1317 4793 1470 4883 alumni,
1495 4792 1656 4868 scientiae
1670 4793 1774 4868 laude

256 4935 442 5012 conspicui.
